Local time,Ask,Bid,AskVolume,BidVolume,Change %
27.01.2020 09:30:08.364 GMT-0500,88.152,87.698,0.0008,0.002,0.01%
27.01.2020 09:30:08.414 GMT-0500,88.162,87.698,0.0008,0.0008,0.12%
27.01.2020 09:30:09.007 GMT-0500,88.152,87.698,0.0008,0.0008,0.20%
27.01.2020 09:30:09.210 GMT-0500,88.162,87.698,0.002,0.002,0.71%
27.01.2020 09:30:10.621 GMT-0500,88.162,87.647,0.0008,0.002,0.06%
27.01.2020 09:30:10.796 GMT-0500,88.152,87.658,0.0008,0.0008,0.03%
27.01.2020 09:30:10.999 GMT-0500,88.153,87.647,0.0008,0.002,0.00%
27.01.2020 09:30:11.049 GMT-0500,88.162,87.647,0.0008,0.002,0.08%
27.01.2020 09:30:11.100 GMT-0500,88.132,87.648,0.002,0.002,-0.39%
27.01.2020 09:30:11.920 GMT-0500,88.083,87.647,0.0008,0.002,0.08%
27.01.2020 09:30:12.143 GMT-0500,88.082,87.658,0.0008,0.0008,-0.33%
27.01.2020 09:30:12.312 GMT-0500,88.082,87.647,0.0008,0.002,0.05%
27.01.2020 09:30:16.998 GMT-0500,88.082,87.867,0.0008,0.0008,0.21%
27.01.2020 09:30:17.048 GMT-0500,88.132,87.648,0.0008,0.0008,-0.08%
27.01.2020 09:30:17.525 GMT-0500,88.133,87.647,0.002,0.002,0.00%
27.01.2020 09:30:21.746 GMT-0500,88.132,87.528,0.0008,0.002,0.33%
27.01.2020 09:30:23.395 GMT-0500,88.132,87.538,0.0008,0.0008,0.26%
27.01.2020 09:30:23.609 GMT-0500,88.132,87.528,0.002,0.002,0.05%
27.01.2020 09:30:28.093 GMT-0500,88.132,87.527,0.0008,0.0008,-0.41%
27.01.2020 09:30:30.100 GMT-0500,88.132,87.527,0.0008,0.002,0.23%
27.01.2020 09:30:30.208 GMT-0500,88.132,87.528,0.0008,0.0008,-0.05%
27.01.2020 09:30:30.970 GMT-0500,88.132,87.538,0.0008,0.0008,0.04%
27.01.2020 09:30:31.152 GMT-0500,88.132,87.528,0.002,0.002,0.56%
27.01.2020 09:30:34.624 GMT-0500,88.132,87.537,0.0008,0.002,
27.01.2020 09:30:34.674 GMT-0500,88.132,87.528,0.0008,0.0008,
27.01.2020 09:30:35.489 GMT-0500,88.132,87.528,0.002,0.002,
27.01.2020 09:30:35.654 GMT-0500,88.132,87.528,0.0008,0.0008,
27.01.2020 09:30:37.359 GMT-0500,88.162,87.948,0.0008,0.0008,
27.01.2020 09:30:37.464 GMT-0500,88.163,87.197,0.002,0.002,
27.01.2020 09:30:37.869 GMT-0500,88.163,87.197,0.002,0.002,
27.01.2020 09:30:41.430 GMT-0500,88.163,87.537,0.002,0.002,
27.01.2020 09:30:41.680 GMT-0500,88.162,87.537,0.0008,0.002,
27.01.2020 09:30:43.490 GMT-0500,88.162,87.198,0.0008,0.0008,
27.01.2020 09:30:43.864 GMT-0500,88.162,87.208,0.0008,0.0008,
27.01.2020 09:30:45.000 GMT-0500,88.163,87.897,0.002,0.0008,
27.01.2020 09:30:59.044 GMT-0500,88.162,87.557,0.0008,0.002,
27.01.2020 09:30:59.094 GMT-0500,88.163,87.557,0.002,0.002,
27.01.2020 09:31:00.853 GMT-0500,88.163,87.197,0.002,0.002,
27.01.2020 09:31:01.339 GMT-0500,88.163,87.207,0.002,0.0008,
27.01.2020 09:31:02.190 GMT-0500,88.163,87.617,0.002,0.0008,
27.01.2020 09:31:04.153 GMT-0500,88.163,87.627,0.002,0.0008,
27.01.2020 09:31:06.389 GMT-0500,88.162,87.638,0.0008,0.0008,
27.01.2020 09:31:12.415 GMT-0500,88.163,87.968,0.0008,0.0008,
27.01.2020 09:31:12.466 GMT-0500,88.192,87.968,0.002,0.002,
27.01.2020 09:31:19.196 GMT-0500,88.182,87.217,0.0008,0.002,
27.01.2020 09:31:19.309 GMT-0500,88.192,87.197,0.0008,0.002,
27.01.2020 09:31:19.940 GMT-0500,88.192,87.298,0.002,0.0008,
27.01.2020 09:31:24.602 GMT-0500,88.192,87.657,0.0008,0.0008,
27.01.2020 09:31:25.429 GMT-0500,88.182,87.657,0.0008,0.002,
27.01.2020 09:31:25.708 GMT-0500,88.193,87.657,0.002,0.002,
27.01.2020 09:31:27.531 GMT-0500,88.133,87.657,0.0008,0.002,
27.01.2020 09:31:33.735 GMT-0500,88.133,87.657,0.0008,0.002,
27.01.2020 09:31:33.785 GMT-0500,88.192,87.657,0.0008,0.002,
27.01.2020 09:31:36.496 GMT-0500,88.182,87.658,0.0008,0.002,
27.01.2020 09:31:36.872 GMT-0500,88.192,87.658,0.002,0.002,
27.01.2020 09:31:46.553 GMT-0500,88.182,87.658,0.0008,0.002,
27.01.2020 09:31:46.720 GMT-0500,88.192,87.658,0.0008,0.0008,
27.01.2020 09:31:48.057 GMT-0500,88.182,87.658,0.0008,0.002,
27.01.2020 09:31:48.256 GMT-0500,88.192,87.657,0.0008,0.002,
27.01.2020 09:32:06.799 GMT-0500,88.183,87.657,0.002,0.002,
27.01.2020 09:32:07.128 GMT-0500,88.183,87.658,0.0008,0.0008,
27.01.2020 09:32:07.179 GMT-0500,88.192,87.658,0.002,0.002,
27.01.2020 09:32:11.135 GMT-0500,88.422,87.657,0.0008,0.002,
27.01.2020 09:32:14.136 GMT-0500,88.413,87.657,0.0008,0.002,
27.01.2020 09:32:14.340 GMT-0500,88.413,87.657,0.002,0.002,
27.01.2020 09:32:21.647 GMT-0500,88.402,87.658,0.0008,0.0008,
27.01.2020 09:32:21.800 GMT-0500,88.422,87.658,0.0008,0.0008,
27.01.2020 09:32:23.287 GMT-0500,88.412,87.658,0.0008,0.0008,
27.01.2020 09:32:23.387 GMT-0500,88.422,87.658,0.002,0.002,
27.01.2020 09:32:31.173 GMT-0500,88.422,87.908,0.0008,0.0008,
27.01.2020 09:32:31.223 GMT-0500,88.573,87.977,0.002,0.002,
27.01.2020 09:32:31.753 GMT-0500,88.472,87.978,0.0008,0.0008,
27.01.2020 09:32:31.854 GMT-0500,88.462,87.977,0.0008,0.002,
27.01.2020 09:32:32.068 GMT-0500,88.473,87.977,0.002,0.002,
27.01.2020 09:32:32.278 GMT-0500,88.473,87.977,0.0008,0.002,
27.01.2020 09:32:32.368 GMT-0500,88.572,87.977,0.0008,0.002,
27.01.2020 09:32:32.426 GMT-0500,88.572,87.988,0.0008,0.0008,
27.01.2020 09:32:32.536 GMT-0500,88.323,88.057,0.0008,0.0008,
27.01.2020 09:32:32.588 GMT-0500,88.572,87.907,0.0008,0.002,
27.01.2020 09:32:33.253 GMT-0500,88.572,87.657,0.0008,0.002,
27.01.2020 09:32:33.820 GMT-0500,88.342,87.658,0.0008,0.0008,
27.01.2020 09:32:34.156 GMT-0500,88.583,87.657,0.002,0.002,
27.01.2020 09:32:35.906 GMT-0500,88.573,87.657,0.0008,0.002,
27.01.2020 09:32:35.957 GMT-0500,88.582,87.657,0.0008,0.002,
27.01.2020 09:32:36.983 GMT-0500,88.322,87.658,0.0008,0.002,
27.01.2020 09:32:39.748 GMT-0500,88.572,87.668,0.0008,0.0008,
27.01.2020 09:32:39.808 GMT-0500,88.582,87.657,0.0008,0.002,
27.01.2020 09:32:41.447 GMT-0500,88.572,87.657,0.0008,0.002,
27.01.2020 09:32:41.497 GMT-0500,88.572,87.658,0.002,0.002,
27.01.2020 09:32:54.268 GMT-0500,88.563,87.667,0.0008,0.0008,
27.01.2020 09:32:54.516 GMT-0500,88.562,87.667,0.0008,0.0008,
27.01.2020 09:32:54.567 GMT-0500,88.562,87.658,0.002,0.002,
27.01.2020 09:33:03.242 GMT-0500,88.552,87.668,0.0008,0.0008,
27.01.2020 09:33:03.541 GMT-0500,88.552,87.657,0.0008,0.002,
27.01.2020 09:33:06.438 GMT-0500,88.542,87.668,0.0008,0.0008,
27.01.2020 09:33:06.740 GMT-0500,88.582,87.657,0.0008,0.002,
27.01.2020 09:33:16.026 GMT-0500,88.573,87.667,0.0008,0.0008,
27.01.2020 09:33:16.126 GMT-0500,88.572,87.658,0.002,0.002,
27.01.2020 09:33:18.839 GMT-0500,88.362,87.658,0.0008,0.002,
27.01.2020 09:33:30.437 GMT-0500,88.362,87.658,0.0008,0.002,
27.01.2020 09:33:30.600 GMT-0500,88.362,87.668,0.0008,0.0008,
27.01.2020 09:33:30.650 GMT-0500,88.362,87.658,0.0008,0.0008,
27.01.2020 09:33:31.124 GMT-0500,88.363,87.667,0.002,0.0008,
27.01.2020 09:33:31.225 GMT-0500,88.363,87.657,0.002,0.002,
27.01.2020 09:33:33.142 GMT-0500,88.353,87.667,0.0008,0.0008,
27.01.2020 09:33:33.243 GMT-0500,88.362,87.658,0.0008,0.0008,
27.01.2020 09:33:35.922 GMT-0500,88.352,87.668,0.0008,0.0008,
27.01.2020 09:33:36.249 GMT-0500,88.362,87.657,0.0008,0.002,
27.01.2020 09:33:41.036 GMT-0500,88.352,87.657,0.0008,0.002,
27.01.2020 09:33:41.312 GMT-0500,88.362,87.657,0.0008,0.002,
27.01.2020 09:33:51.654 GMT-0500,88.353,87.667,0.0008,0.0008,
27.01.2020 09:33:51.801 GMT-0500,88.352,87.667,0.0008,0.002,
27.01.2020 09:33:51.893 GMT-0500,88.362,87.667,0.0008,0.002,
27.01.2020 09:33:52.741 GMT-0500,88.362,87.657,0.0008,0.002,
27.01.2020 09:33:55.434 GMT-0500,88.263,87.657,0.002,0.002,
27.01.2020 09:34:06.039 GMT-0500,88.263,87.667,0.002,0.0008,
27.01.2020 09:34:06.089 GMT-0500,88.262,87.657,0.0008,0.002,
27.01.2020 09:34:06.661 GMT-0500,88.263,87.657,0.0008,0.002,
27.01.2020 09:34:07.000 GMT-0500,88.303,87.657,0.002,0.002,
27.01.2020 09:34:07.790 GMT-0500,88.302,87.817,0.0008,0.0008,
27.01.2020 09:34:07.841 GMT-0500,88.302,87.658,0.002,0.002,
27.01.2020 09:34:08.294 GMT-0500,88.212,87.828,0.002,0.002,
27.01.2020 09:34:23.661 GMT-0500,88.212,87.837,0.0008,0.0008,
27.01.2020 09:34:30.489 GMT-0500,88.203,87.837,0.0008,0.002,
27.01.2020 09:34:36.167 GMT-0500,88.202,87.848,0.0008,0.0008,
27.01.2020 09:34:38.906 GMT-0500,88.192,87.857,0.0008,0.0008,
27.01.2020 09:34:39.075 GMT-0500,88.192,87.828,0.002,0.002,
27.01.2020 09:34:39.287 GMT-0500,88.192,87.837,0.0008,0.0008,
27.01.2020 09:34:51.501 GMT-0500,88.192,87.837,0.0008,0.002,
27.01.2020 09:34:51.552 GMT-0500,88.252,87.837,0.0008,0.002,
27.01.2020 09:35:00.287 GMT-0500,88.242,87.838,0.0008,0.002,
27.01.2020 09:35:00.376 GMT-0500,88.252,87.658,0.0008,0.0008,
27.01.2020 09:35:00.653 GMT-0500,88.172,87.658,0.002,0.002,
27.01.2020 09:35:00.795 GMT-0500,88.172,87.667,0.0008,0.0008,
27.01.2020 09:35:00.896 GMT-0500,88.172,87.657,0.0008,0.002,
27.01.2020 09:35:02.160 GMT-0500,88.173,87.657,0.002,0.002,
27.01.2020 09:35:19.724 GMT-0500,88.252,87.807,0.0008,0.002,
27.01.2020 09:35:22.367 GMT-0500,88.242,87.808,0.0008,0.002,
27.01.2020 09:35:22.417 GMT-0500,88.253,87.807,0.002,0.002,
27.01.2020 09:35:24.521 GMT-0500,88.152,87.808,0.0008,0.0008,
27.01.2020 09:35:36.570 GMT-0500,88.143,87.807,0.0008,0.002,
27.01.2020 09:36:06.755 GMT-0500,88.143,87.897,0.002,0.0008,
27.01.2020 09:36:19.749 GMT-0500,88.142,87.897,0.0008,0.002,
27.01.2020 09:36:19.800 GMT-0500,88.492,87.897,0.0008,0.002,
27.01.2020 09:36:20.072 GMT-0500,88.492,87.907,0.0008,0.0008,
27.01.2020 09:36:23.551 GMT-0500,88.492,88.038,0.0008,0.0008,
27.01.2020 09:36:24.383 GMT-0500,88.175,88.068,0.0008,0.0008,
27.01.2020 09:36:24.434 GMT-0500,88.482,87.978,0.002,0.002,
27.01.2020 09:36:24.551 GMT-0500,88.483,87.977,0.002,0.002,
27.01.2020 09:36:27.314 GMT-0500,88.472,87.978,0.0008,0.0008,
27.01.2020 09:36:27.814 GMT-0500,88.203,87.978,0.0008,0.0008,
27.01.2020 09:36:28.195 GMT-0500,88.202,88.028,0.0008,0.0008,
27.01.2020 09:36:29.262 GMT-0500,88.123,87.897,0.0008,0.002,
27.01.2020 09:36:29.312 GMT-0500,88.123,87.917,0.002,0.002,
27.01.2020 09:36:30.641 GMT-0500,88.113,87.917,0.0008,0.002,
27.01.2020 09:36:30.692 GMT-0500,87.992,87.667,0.0008,0.002,
27.01.2020 09:36:30.750 GMT-0500,87.992,87.698,0.002,0.0008,
27.01.2020 09:36:30.901 GMT-0500,87.882,87.657,0.0008,0.002,
27.01.2020 09:36:36.501 GMT-0500,87.842,87.658,0.0008,0.002,
27.01.2020 09:36:39.174 GMT-0500,87.882,87.657,0.0008,0.002,
27.01.2020 09:36:40.430 GMT-0500,87.832,87.657,0.0008,0.002,
27.01.2020 09:36:40.887 GMT-0500,87.723,87.377,0.0008,0.002,
27.01.2020 09:36:40.937 GMT-0500,87.783,87.377,0.002,0.002,
27.01.2020 09:36:51.929 GMT-0500,87.782,87.388,0.0008,0.0008,
27.01.2020 09:37:00.739 GMT-0500,87.783,87.397,0.002,0.0008,
27.01.2020 09:37:00.840 GMT-0500,87.782,87.397,0.0008,0.002,
27.01.2020 09:37:09.738 GMT-0500,87.783,87.397,0.002,0.002,
27.01.2020 09:37:14.205 GMT-0500,87.782,87.557,0.0008,0.0008,
27.01.2020 09:37:26.034 GMT-0500,87.773,87.557,0.0008,0.002,
27.01.2020 09:37:32.954 GMT-0500,87.772,87.558,0.0008,0.002,
27.01.2020 09:37:33.004 GMT-0500,87.782,87.558,0.002,0.002,
27.01.2020 09:37:36.131 GMT-0500,88.092,87.828,0.0008,0.0008,
27.01.2020 09:37:36.309 GMT-0500,88.223,87.817,0.002,0.002,
27.01.2020 09:37:36.507 GMT-0500,88.223,87.817,0.0008,0.002,
27.01.2020 09:37:36.678 GMT-0500,88.263,87.777,0.0008,0.002,
27.01.2020 09:37:38.975 GMT-0500,88.262,87.777,0.0008,0.002,
27.01.2020 09:37:39.831 GMT-0500,88.253,87.777,0.0008,0.002,
27.01.2020 09:37:39.931 GMT-0500,88.262,87.778,0.002,0.002,
27.01.2020 09:37:41.427 GMT-0500,88.252,87.778,0.0008,0.002,
27.01.2020 09:37:41.599 GMT-0500,88.253,87.777,0.0008,0.002,
27.01.2020 09:37:41.650 GMT-0500,88.262,87.777,0.0008,0.002,
27.01.2020 09:37:45.200 GMT-0500,88.292,87.777,0.0008,0.002,
27.01.2020 09:37:45.648 GMT-0500,87.973,87.777,0.0008,0.002,
27.01.2020 09:38:05.516 GMT-0500,87.972,87.798,0.002,0.0008,
27.01.2020 09:38:12.061 GMT-0500,88.293,87.797,0.002,0.002,
27.01.2020 09:38:12.228 GMT-0500,88.292,87.798,0.002,0.002,
27.01.2020 09:38:20.295 GMT-0500,88.292,87.778,0.0008,0.0008,
27.01.2020 09:38:22.668 GMT-0500,88.283,87.777,0.0008,0.002,
27.01.2020 09:38:22.718 GMT-0500,88.292,87.778,0.0008,0.0008,
27.01.2020 09:38:35.188 GMT-0500,88.253,87.787,0.002,0.002,
27.01.2020 09:38:35.289 GMT-0500,88.252,87.788,0.002,0.002,
27.01.2020 09:38:35.372 GMT-0500,88.423,87.787,0.002,0.002,
27.01.2020 09:38:35.429 GMT-0500,88.342,87.788,0.002,0.002,
27.01.2020 09:38:36.139 GMT-0500,88.332,87.788,0.002,0.002,
27.01.2020 09:38:36.189 GMT-0500,88.342,87.787,0.0008,0.002,
27.01.2020 09:38:38.229 GMT-0500,88.423,87.777,0.002,0.002,
27.01.2020 09:38:38.366 GMT-0500,88.413,87.777,0.0008,0.002,
27.01.2020 09:38:38.629 GMT-0500,88.412,87.778,0.0008,0.002,
27.01.2020 09:38:38.679 GMT-0500,88.422,87.778,0.0008,0.0008,
27.01.2020 09:38:46.033 GMT-0500,88.413,87.777,0.002,0.002,
27.01.2020 09:38:46.154 GMT-0500,88.422,87.777,0.0008,0.002,
27.01.2020 09:38:46.997 GMT-0500,88.412,87.778,0.0008,0.002,
27.01.2020 09:38:47.329 GMT-0500,88.413,87.778,0.0008,0.0008,
27.01.2020 09:38:47.379 GMT-0500,88.422,87.778,0.0008,0.0008,
27.01.2020 09:38:50.357 GMT-0500,88.412,87.778,0.0008,0.0008,
27.01.2020 09:38:50.407 GMT-0500,88.422,87.778,0.002,0.002,
27.01.2020 09:38:52.810 GMT-0500,88.342,87.778,0.0008,0.002,
27.01.2020 09:38:53.003 GMT-0500,88.132,87.778,0.0008,0.0008,
27.01.2020 09:38:53.053 GMT-0500,88.352,87.778,0.0008,0.0008,
27.01.2020 09:38:58.898 GMT-0500,88.342,87.778,0.0008,0.0008,
27.01.2020 09:38:59.057 GMT-0500,88.352,87.777,0.0008,0.002,
27.01.2020 09:39:06.233 GMT-0500,88.342,87.778,0.0008,0.002,
27.01.2020 09:39:06.501 GMT-0500,88.343,87.778,0.0008,0.0008,
27.01.2020 09:39:06.551 GMT-0500,88.352,87.778,0.0008,0.0008,
27.01.2020 09:39:18.946 GMT-0500,88.353,87.778,0.0008,0.0008,
27.01.2020 09:39:18.997 GMT-0500,88.412,87.778,0.002,0.002,
27.01.2020 09:39:21.630 GMT-0500,88.403,87.777,0.0008,0.002,
27.01.2020 09:39:21.801 GMT-0500,88.412,87.777,0.0008,0.002,
27.01.2020 09:39:25.752 GMT-0500,88.412,87.777,0.0008,0.002,
27.01.2020 09:39:35.631 GMT-0500,88.413,87.827,0.0008,0.002,
27.01.2020 09:39:35.681 GMT-0500,88.422,87.828,0.0008,0.0008,
27.01.2020 09:39:36.271 GMT-0500,88.382,87.828,0.0008,0.0008,
27.01.2020 09:39:37.441 GMT-0500,87.995,87.828,0.0008,0.0008,
27.01.2020 09:39:57.831 GMT-0500,87.973,87.867,0.0008,0.0008,
27.01.2020 09:39:57.882 GMT-0500,88.182,87.798,0.0008,0.0008,
27.01.2020 09:39:58.071 GMT-0500,88.312,87.797,0.0008,0.002,
27.01.2020 09:39:58.732 GMT-0500,88.232,87.798,0.0008,0.002,
27.01.2020 09:39:58.834 GMT-0500,88.003,87.797,0.0008,0.002,
27.01.2020 09:39:58.884 GMT-0500,88.222,87.798,0.002,0.002,
27.01.2020 09:39:59.057 GMT-0500,88.232,87.798,0.0008,0.0008,
27.01.2020 09:39:59.755 GMT-0500,87.993,87.797,0.0008,0.002,
27.01.2020 09:40:06.339 GMT-0500,87.992,87.777,0.0008,0.002,
27.01.2020 09:40:09.396 GMT-0500,87.972,87.778,0.0008,0.002,
27.01.2020 09:40:19.324 GMT-0500,87.963,87.778,0.0008,0.0008,
27.01.2020 09:40:20.961 GMT-0500,87.872,87.757,0.0008,0.0008,
27.01.2020 09:40:21.012 GMT-0500,87.912,87.428,0.0008,0.0008,
27.01.2020 09:40:21.112 GMT-0500,87.832,87.417,0.0008,0.002,
27.01.2020 09:40:21.747 GMT-0500,87.832,87.428,0.0008,0.0008,
27.01.2020 09:40:30.669 GMT-0500,87.823,87.427,0.0008,0.002,
27.01.2020 09:40:30.719 GMT-0500,87.823,87.427,0.002,0.002,
27.01.2020 09:40:30.770 GMT-0500,87.832,87.557,0.0008,0.002,
27.01.2020 09:40:38.201 GMT-0500,87.822,87.558,0.0008,0.002,
27.01.2020 09:40:38.304 GMT-0500,87.823,87.557,0.0008,0.002,
27.01.2020 09:40:38.354 GMT-0500,87.832,87.557,0.0008,0.002,
27.01.2020 09:40:39.934 GMT-0500,87.833,87.467,0.002,0.002,
27.01.2020 09:41:06.023 GMT-0500,87.743,87.467,0.0008,0.002,
27.01.2020 09:41:20.642 GMT-0500,87.743,87.477,0.002,0.002,
27.01.2020 09:41:20.952 GMT-0500,87.742,87.468,0.0008,0.0008,
27.01.2020 09:41:21.821 GMT-0500,87.742,87.468,0.0008,0.002,
27.01.2020 09:41:22.160 GMT-0500,87.742,87.468,0.0008,0.0008,
27.01.2020 09:41:25.150 GMT-0500,87.673,87.377,0.0008,0.002,
27.01.2020 09:41:25.200 GMT-0500,87.672,87.377,0.0008,0.002,
27.01.2020 09:41:27.499 GMT-0500,87.673,87.377,0.0008,0.002,
27.01.2020 09:41:28.538 GMT-0500,87.742,87.207,0.0008,0.002,
27.01.2020 09:41:30.146 GMT-0500,87.682,87.448,0.0008,0.0008,
27.01.2020 09:41:42.099 GMT-0500,87.663,87.447,0.0008,0.002,
27.01.2020 09:41:48.580 GMT-0500,87.743,87.447,0.002,0.002,
27.01.2020 09:41:57.827 GMT-0500,87.732,87.448,0.0008,0.0008,
27.01.2020 09:41:58.122 GMT-0500,87.743,87.447,0.002,0.002,
27.01.2020 09:42:20.864 GMT-0500,87.642,87.448,0.0008,0.0008,
27.01.2020 09:42:32.438 GMT-0500,87.652,87.448,0.0008,0.0008,
27.01.2020 09:42:33.996 GMT-0500,87.632,87.448,0.0008,0.0008,
27.01.2020 09:42:35.948 GMT-0500,87.652,87.448,0.002,0.002,
27.01.2020 09:43:03.062 GMT-0500,87.612,87.448,0.0008,0.002,
27.01.2020 09:43:13.652 GMT-0500,87.652,87.447,0.0008,0.002,
27.01.2020 09:43:22.281 GMT-0500,87.652,87.477,0.0008,0.0008,
27.01.2020 09:43:22.331 GMT-0500,87.743,87.447,0.002,0.002,
27.01.2020 09:43:22.438 GMT-0500,87.742,87.618,0.0008,0.0008,
27.01.2020 09:43:22.488 GMT-0500,87.822,87.448,0.002,0.002,
27.01.2020 09:43:22.773 GMT-0500,87.862,87.448,0.002,0.002,
27.01.2020 09:43:23.067 GMT-0500,87.852,87.518,0.0008,0.0008,
27.01.2020 09:43:23.256 GMT-0500,87.853,87.517,0.002,0.002,
27.01.2020 09:43:23.387 GMT-0500,87.853,87.517,0.0008,0.002,
27.01.2020 09:43:23.438 GMT-0500,87.862,87.518,0.002,0.002,
27.01.2020 09:43:24.635 GMT-0500,87.863,87.587,0.002,0.002,
27.01.2020 09:43:26.019 GMT-0500,87.852,87.587,0.0008,0.002,
27.01.2020 09:43:26.302 GMT-0500,87.713,87.447,0.002,0.002,
27.01.2020 09:43:26.352 GMT-0500,87.712,87.447,0.0008,0.002,
27.01.2020 09:43:31.607 GMT-0500,87.672,87.448,0.002,0.002,
27.01.2020 09:43:52.841 GMT-0500,87.662,87.458,0.002,0.002,
27.01.2020 09:43:53.056 GMT-0500,87.662,87.447,0.0008,0.002,
27.01.2020 09:43:55.088 GMT-0500,87.673,87.447,0.002,0.002,
27.01.2020 09:43:56.782 GMT-0500,87.693,87.447,0.002,0.002,
27.01.2020 09:43:58.057 GMT-0500,87.773,87.447,0.002,0.002,
27.01.2020 09:43:58.117 GMT-0500,87.762,87.528,0.002,0.002,
27.01.2020 09:43:58.355 GMT-0500,87.862,87.528,0.002,0.002,
27.01.2020 09:43:58.746 GMT-0500,87.732,87.527,0.0008,0.002,
27.01.2020 09:44:12.129 GMT-0500,87.702,87.528,0.0008,0.002,
27.01.2020 09:44:33.239 GMT-0500,87.702,87.528,0.0008,0.002,
27.01.2020 09:44:33.289 GMT-0500,87.853,87.627,0.002,0.002,
27.01.2020 09:44:33.404 GMT-0500,87.932,87.627,0.0008,0.002,
27.01.2020 09:44:33.499 GMT-0500,87.932,87.607,0.0008,0.002,
27.01.2020 09:44:33.757 GMT-0500,87.833,87.607,0.0008,0.002,
27.01.2020 09:44:39.267 GMT-0500,87.833,87.607,0.0008,0.002,
27.01.2020 09:44:39.317 GMT-0500,87.932,87.608,0.0008,0.0008,
27.01.2020 09:44:39.767 GMT-0500,87.863,87.607,0.0008,0.002,
27.01.2020 09:44:42.009 GMT-0500,87.853,87.617,0.0008,0.0008,
27.01.2020 09:44:42.197 GMT-0500,87.863,87.607,0.002,0.002,
27.01.2020 09:44:48.125 GMT-0500,87.862,87.607,0.0008,0.002,
27.01.2020 09:44:48.175 GMT-0500,87.862,87.617,0.0008,0.002,
27.01.2020 09:44:48.226 GMT-0500,87.862,87.607,0.0008,0.002,
27.01.2020 09:44:49.787 GMT-0500,87.862,87.687,0.0008,0.0008,
27.01.2020 09:45:09.874 GMT-0500,87.922,87.688,0.0008,0.0008,
27.01.2020 09:45:09.925 GMT-0500,87.933,87.687,0.002,0.002,
27.01.2020 09:45:10.105 GMT-0500,87.863,87.687,0.0008,0.002,
27.01.2020 09:45:11.532 GMT-0500,87.862,87.687,0.0008,0.002,
27.01.2020 09:45:12.133 GMT-0500,87.863,87.687,0.0008,0.002,
27.01.2020 09:45:12.238 GMT-0500,87.932,87.698,0.0008,0.0008,
27.01.2020 09:45:13.083 GMT-0500,87.942,87.688,0.0008,0.0008,
27.01.2020 09:45:16.221 GMT-0500,87.943,87.797,0.002,0.0008,
27.01.2020 09:45:16.272 GMT-0500,87.993,87.697,0.002,0.002,
27.01.2020 09:45:17.755 GMT-0500,87.932,87.688,0.0008,0.0008,
27.01.2020 09:45:21.716 GMT-0500,87.932,87.698,0.002,0.002,
27.01.2020 09:45:21.804 GMT-0500,87.932,87.688,0.0008,0.0008,
27.01.2020 09:45:22.522 GMT-0500,87.932,87.688,0.0008,0.002,
27.01.2020 09:45:22.704 GMT-0500,87.933,87.697,0.002,0.0008,
27.01.2020 09:45:22.754 GMT-0500,87.932,87.688,0.0008,0.0008,
27.01.2020 09:45:25.218 GMT-0500,87.932,87.698,0.0008,0.0008,
27.01.2020 09:45:25.451 GMT-0500,87.932,87.688,0.002,0.002,
27.01.2020 09:45:35.463 GMT-0500,87.932,87.688,0.0008,0.002,
27.01.2020 09:45:35.513 GMT-0500,87.982,87.838,0.0008,0.0008,
27.01.2020 09:45:35.564 GMT-0500,88.092,87.937,0.0008,0.002,
27.01.2020 09:45:35.761 GMT-0500,88.072,87.938,0.002,0.002,
27.01.2020 09:45:37.246 GMT-0500,88.162,87.938,0.0008,0.0008,
27.01.2020 09:45:43.001 GMT-0500,88.153,87.937,0.0008,0.002,
27.01.2020 09:45:43.106 GMT-0500,88.152,87.937,0.0008,0.002,
27.01.2020 09:45:43.156 GMT-0500,88.163,87.937,0.002,0.002,
27.01.2020 09:45:45.130 GMT-0500,88.162,87.937,0.0008,0.0008,
27.01.2020 09:45:46.634 GMT-0500,87.993,87.827,0.0008,0.002,
27.01.2020 09:46:03.128 GMT-0500,87.992,87.827,0.0008,0.002,
27.01.2020 09:46:07.525 GMT-0500,87.992,87.828,0.0008,0.0008,
27.01.2020 09:46:13.076 GMT-0500,87.973,87.837,0.0008,0.0008,
27.01.2020 09:46:16.385 GMT-0500,88.032,87.918,0.0008,0.002,
27.01.2020 09:46:16.436 GMT-0500,88.162,87.918,0.002,0.002,
27.01.2020 09:46:16.684 GMT-0500,88.163,87.917,0.002,0.002,
27.01.2020 09:46:17.135 GMT-0500,88.162,87.918,0.0008,0.0008,
27.01.2020 09:46:17.185 GMT-0500,88.152,87.918,0.002,0.002,
27.01.2020 09:46:17.374 GMT-0500,88.162,87.918,0.0008,0.0008,
27.01.2020 09:46:22.412 GMT-0500,88.103,87.917,0.0008,0.002,
27.01.2020 09:46:22.728 GMT-0500,88.092,87.918,0.0008,0.002,
27.01.2020 09:46:22.778 GMT-0500,88.102,87.918,0.002,0.002,
27.01.2020 09:46:33.577 GMT-0500,88.092,87.918,0.0008,0.002,
27.01.2020 09:46:33.833 GMT-0500,88.093,87.917,0.0008,0.002,
27.01.2020 09:46:33.883 GMT-0500,88.103,87.917,0.002,0.002,
27.01.2020 09:46:50.033 GMT-0500,88.093,87.917,0.0008,0.002,
27.01.2020 09:46:50.265 GMT-0500,88.093,87.918,0.0008,0.0008,
27.01.2020 09:46:50.316 GMT-0500,88.102,87.918,0.002,0.002,
27.01.2020 09:46:51.381 GMT-0500,88.032,87.918,0.0008,0.002,
27.01.2020 09:46:57.287 GMT-0500,88.032,87.918,0.0008,0.002,
27.01.2020 09:46:57.338 GMT-0500,88.102,87.917,0.0008,0.002,
27.01.2020 09:46:57.388 GMT-0500,88.102,87.928,0.0008,0.0008,
27.01.2020 09:46:57.514 GMT-0500,88.102,87.918,0.002,0.002,
27.01.2020 09:46:59.115 GMT-0500,88.102,87.938,0.002,0.0008,
27.01.2020 09:47:01.152 GMT-0500,88.103,87.987,0.002,0.0008,
27.01.2020 09:47:03.606 GMT-0500,88.102,87.857,0.0008,0.002,
27.01.2020 09:47:03.656 GMT-0500,88.102,87.857,0.0008,0.002,
27.01.2020 09:47:03.738 GMT-0500,88.103,87.907,0.002,0.002,
27.01.2020 09:47:16.224 GMT-0500,88.102,88.028,0.0008,0.0008,
27.01.2020 09:47:16.723 GMT-0500,88.103,87.917,0.002,0.002,
27.01.2020 09:47:16.773 GMT-0500,88.102,87.917,0.0008,0.002,
27.01.2020 09:47:17.065 GMT-0500,88.102,87.908,0.002,0.002,
27.01.2020 09:47:18.238 GMT-0500,88.102,87.917,0.0008,0.0008,
27.01.2020 09:47:18.500 GMT-0500,88.103,87.907,0.002,0.002,
27.01.2020 09:47:19.993 GMT-0500,88.073,87.917,0.0008,0.0008,
27.01.2020 09:47:20.302 GMT-0500,88.072,87.907,0.0008,0.002,
27.01.2020 09:47:20.352 GMT-0500,88.073,87.907,0.002,0.002,
27.01.2020 09:47:22.549 GMT-0500,88.073,87.917,0.002,0.002,
27.01.2020 09:47:22.771 GMT-0500,88.073,87.907,0.002,0.002,
27.01.2020 09:47:23.343 GMT-0500,88.072,87.917,0.0008,0.002,
27.01.2020 09:47:23.605 GMT-0500,88.072,87.917,0.0008,0.0008,
27.01.2020 09:47:23.659 GMT-0500,88.072,87.908,0.002,0.002,
27.01.2020 09:47:24.388 GMT-0500,88.072,87.948,0.002,0.0008,
27.01.2020 09:47:27.367 GMT-0500,88.072,87.908,0.0008,0.002,
27.01.2020 09:47:27.488 GMT-0500,88.072,87.908,0.0008,0.0008,
27.01.2020 09:47:29.937 GMT-0500,88.072,87.908,0.002,0.002,
27.01.2020 09:47:33.608 GMT-0500,88.073,87.997,0.0008,0.002,
27.01.2020 09:47:33.659 GMT-0500,88.103,87.997,0.002,0.002,
27.01.2020 09:47:36.879 GMT-0500,88.103,88.027,0.002,0.0008,
27.01.2020 09:47:44.651 GMT-0500,88.103,88.027,0.0008,0.002,
27.01.2020 09:47:44.701 GMT-0500,88.142,88.047,0.0008,0.002,
27.01.2020 09:47:44.752 GMT-0500,88.142,88.028,0.002,0.002,
27.01.2020 09:47:44.929 GMT-0500,88.142,88.028,0.0008,0.002,
27.01.2020 09:47:45.036 GMT-0500,88.143,88.027,0.002,0.002,
27.01.2020 09:47:45.086 GMT-0500,88.143,88.027,0.002,0.002,
27.01.2020 09:47:46.381 GMT-0500,88.142,88.098,0.0008,0.0008,
27.01.2020 09:47:51.583 GMT-0500,88.142,87.997,0.0008,0.002,
27.01.2020 09:47:51.783 GMT-0500,88.142,87.947,0.0008,0.002,
27.01.2020 09:48:02.912 GMT-0500,88.143,87.947,0.0008,0.002,
27.01.2020 09:48:02.962 GMT-0500,88.283,87.957,0.002,0.002,
27.01.2020 09:48:03.792 GMT-0500,88.362,88.038,0.002,0.002,
27.01.2020 09:48:06.731 GMT-0500,88.362,88.088,0.0008,0.0008,
27.01.2020 09:48:08.365 GMT-0500,88.353,88.137,0.0008,0.0008,
27.01.2020 09:48:08.415 GMT-0500,88.362,88.087,0.0008,0.002,
27.01.2020 09:48:08.465 GMT-0500,88.243,88.087,0.0008,0.002,
27.01.2020 09:48:09.043 GMT-0500,88.243,88.037,0.002,0.002,
27.01.2020 09:48:14.447 GMT-0500,88.222,88.038,0.0008,0.0008,
27.01.2020 09:48:18.927 GMT-0500,88.223,88.047,0.002,0.0008,
27.01.2020 09:48:19.084 GMT-0500,88.222,88.037,0.0008,0.002,
27.01.2020 09:48:20.694 GMT-0500,88.172,88.037,0.0008,0.0008,
27.01.2020 09:48:20.746 GMT-0500,88.252,87.957,0.0008,0.002,
27.01.2020 09:48:20.863 GMT-0500,88.252,87.947,0.0008,0.002,
27.01.2020 09:48:21.412 GMT-0500,88.252,87.977,0.0008,0.0008,
27.01.2020 09:48:21.928 GMT-0500,88.242,87.978,0.0008,0.0008,
27.01.2020 09:48:22.587 GMT-0500,88.252,87.978,0.0008,0.0008,
27.01.2020 09:48:22.707 GMT-0500,88.133,87.977,0.0008,0.002,
27.01.2020 09:48:22.808 GMT-0500,88.112,87.967,0.0008,0.002,
27.01.2020 09:48:24.857 GMT-0500,88.112,88.017,0.0008,0.0008,
27.01.2020 09:48:24.908 GMT-0500,88.112,87.968,0.002,0.002,
27.01.2020 09:48:45.740 GMT-0500,88.112,87.938,0.0008,0.0008,
27.01.2020 09:48:47.444 GMT-0500,88.082,87.928,0.0008,0.002,
27.01.2020 09:48:47.495 GMT-0500,88.082,87.928,0.0008,0.0008,
27.01.2020 09:48:47.763 GMT-0500,88.082,87.918,0.0008,0.002,
27.01.2020 09:48:47.814 GMT-0500,88.082,87.918,0.002,0.002,
27.01.2020 09:48:48.176 GMT-0500,88.092,87.918,0.002,0.002,
27.01.2020 09:48:48.439 GMT-0500,88.112,87.918,0.002,0.002,
27.01.2020 09:48:50.465 GMT-0500,88.092,87.917,0.0008,0.002,
27.01.2020 09:48:50.717 GMT-0500,88.112,87.918,0.002,0.002,
27.01.2020 09:48:50.842 GMT-0500,88.063,87.917,0.0008,0.002,
27.01.2020 09:49:01.595 GMT-0500,88.062,87.917,0.0008,0.0008,
27.01.2020 09:49:01.645 GMT-0500,88.062,87.848,0.0008,0.0008,
27.01.2020 09:49:06.402 GMT-0500,88.043,87.847,0.0008,0.002,
27.01.2020 09:49:07.065 GMT-0500,88.043,87.847,0.0008,0.002,
27.01.2020 09:49:07.115 GMT-0500,88.062,87.848,0.002,0.002,
27.01.2020 09:49:08.204 GMT-0500,88.032,87.848,0.0008,0.002,
27.01.2020 09:49:14.702 GMT-0500,88.013,87.847,0.0008,0.002,
27.01.2020 09:49:15.584 GMT-0500,88.012,87.868,0.002,0.0008,
27.01.2020 09:49:17.618 GMT-0500,88.013,87.877,0.002,0.0008,
27.01.2020 09:49:20.482 GMT-0500,87.973,87.877,0.0008,0.002,
27.01.2020 09:49:20.533 GMT-0500,87.992,87.878,0.0008,0.0008,
27.01.2020 09:49:20.815 GMT-0500,87.993,87.757,0.002,0.002,
27.01.2020 09:49:21.218 GMT-0500,87.992,87.808,0.0008,0.0008,
27.01.2020 09:49:25.397 GMT-0500,87.982,87.807,0.0008,0.002,
27.01.2020 09:49:30.578 GMT-0500,87.972,87.807,0.0008,0.002,
27.01.2020 09:49:32.010 GMT-0500,87.972,87.758,0.0008,0.0008,
27.01.2020 09:49:42.279 GMT-0500,87.973,87.757,0.0008,0.002,
27.01.2020 09:49:42.449 GMT-0500,87.982,87.758,0.0008,0.0008,
27.01.2020 09:49:43.566 GMT-0500,87.962,87.758,0.0008,0.002,
27.01.2020 09:49:47.836 GMT-0500,87.962,87.828,0.002,0.0008,
27.01.2020 09:49:48.083 GMT-0500,87.923,87.828,0.0008,0.0008,
27.01.2020 09:49:48.903 GMT-0500,87.923,87.827,0.0008,0.002,
27.01.2020 09:49:48.953 GMT-0500,87.962,87.868,0.0008,0.0008,
27.01.2020 09:49:49.004 GMT-0500,87.962,87.828,0.002,0.002,
27.01.2020 09:49:50.022 GMT-0500,87.962,87.758,0.002,0.002,
27.01.2020 09:50:04.235 GMT-0500,87.962,87.758,0.002,0.002,
27.01.2020 09:50:04.868 GMT-0500,87.953,87.827,0.002,0.002,
27.01.2020 09:50:04.918 GMT-0500,87.963,87.827,0.002,0.002,
27.01.2020 09:50:05.899 GMT-0500,87.942,87.827,0.0008,0.002,
27.01.2020 09:50:08.630 GMT-0500,87.942,87.758,0.002,0.002,
27.01.2020 09:50:09.757 GMT-0500,87.933,87.757,0.0008,0.002,
27.01.2020 09:50:09.902 GMT-0500,87.903,87.757,0.0008,0.002,
27.01.2020 09:50:09.952 GMT-0500,87.942,87.757,0.0008,0.002,
27.01.2020 09:50:10.910 GMT-0500,87.913,87.667,0.0008,0.002,
27.01.2020 09:50:10.960 GMT-0500,87.922,87.717,0.0008,0.002,
27.01.2020 09:50:11.028 GMT-0500,87.902,87.717,0.0008,0.002,
27.01.2020 09:50:12.038 GMT-0500,87.903,87.727,0.002,0.0008,
27.01.2020 09:50:12.818 GMT-0500,87.902,87.727,0.0008,0.0008,
27.01.2020 09:50:12.870 GMT-0500,87.902,87.717,0.0008,0.002,
27.01.2020 09:50:16.240 GMT-0500,87.892,87.718,0.0008,0.0008,
27.01.2020 09:50:23.009 GMT-0500,87.882,87.717,0.0008,0.002,
27.01.2020 09:50:23.061 GMT-0500,87.902,87.717,0.0008,0.002,
27.01.2020 09:50:23.957 GMT-0500,87.902,87.668,0.002,0.002,
27.01.2020 09:50:24.985 GMT-0500,87.912,87.667,0.0008,0.002,
27.01.2020 09:50:25.210 GMT-0500,87.902,87.668,0.0008,0.002,
27.01.2020 09:50:26.259 GMT-0500,87.843,87.667,0.0008,0.002,
27.01.2020 09:50:27.903 GMT-0500,87.843,87.667,0.0008,0.002,
27.01.2020 09:50:27.953 GMT-0500,87.912,87.668,0.0008,0.0008,
27.01.2020 09:50:28.051 GMT-0500,87.842,87.668,0.002,0.002,
27.01.2020 09:50:33.123 GMT-0500,87.862,87.667,0.0008,0.002,
27.01.2020 09:50:33.180 GMT-0500,87.833,87.667,0.0008,0.002,
27.01.2020 09:50:33.281 GMT-0500,87.832,87.668,0.002,0.002,
27.01.2020 09:50:34.186 GMT-0500,87.912,87.847,0.0008,0.002,
27.01.2020 09:50:35.642 GMT-0500,88.002,87.848,0.002,0.002,
27.01.2020 09:50:37.521 GMT-0500,87.972,87.848,0.0008,0.002,
27.01.2020 09:50:38.029 GMT-0500,87.923,87.847,0.002,0.002,
27.01.2020 09:50:38.375 GMT-0500,88.032,87.847,0.0008,0.002,
27.01.2020 09:50:38.564 GMT-0500,88.043,87.838,0.0008,0.0008,
27.01.2020 09:50:38.766 GMT-0500,87.972,87.838,0.0008,0.0008,
27.01.2020 09:50:39.139 GMT-0500,87.972,87.847,0.0008,0.0008,
27.01.2020 09:50:39.377 GMT-0500,87.972,87.848,0.0008,0.0008,
27.01.2020 09:50:39.659 GMT-0500,87.973,87.847,0.002,0.002,
27.01.2020 09:50:40.554 GMT-0500,87.972,87.848,0.0008,0.002,
27.01.2020 09:50:40.766 GMT-0500,87.973,87.857,0.002,0.0008,
27.01.2020 09:50:40.817 GMT-0500,87.973,87.837,0.002,0.002,
27.01.2020 09:50:41.769 GMT-0500,87.972,87.837,0.0008,0.002,
27.01.2020 09:50:44.890 GMT-0500,87.973,87.837,0.002,0.002,
27.01.2020 09:50:49.119 GMT-0500,87.973,87.867,0.002,0.002,
27.01.2020 09:50:50.618 GMT-0500,87.973,87.867,0.0008,0.002,
27.01.2020 09:50:50.668 GMT-0500,88.102,87.838,0.0008,0.0008,
27.01.2020 09:50:51.837 GMT-0500,88.102,87.848,0.002,0.0008,
27.01.2020 09:50:52.847 GMT-0500,88.103,87.847,0.002,0.002,
27.01.2020 09:50:56.746 GMT-0500,88.102,87.848,0.002,0.002,
27.01.2020 09:50:57.016 GMT-0500,88.103,87.917,0.002,0.002,
27.01.2020 09:51:11.572 GMT-0500,88.103,87.927,0.002,0.0008,
27.01.2020 09:51:16.299 GMT-0500,88.102,87.928,0.0008,0.0008,
27.01.2020 09:51:17.484 GMT-0500,88.103,87.927,0.002,0.002,
27.01.2020 09:51:17.961 GMT-0500,88.052,87.927,0.0008,0.002,
27.01.2020 09:51:20.924 GMT-0500,88.053,87.927,0.002,0.0008,
27.01.2020 09:51:20.974 GMT-0500,88.052,87.838,0.0008,0.0008,
27.01.2020 09:51:21.468 GMT-0500,88.052,87.838,0.0008,0.002,
27.01.2020 09:51:22.949 GMT-0500,88.053,87.908,0.0008,0.0008,
27.01.2020 09:51:22.999 GMT-0500,88.102,87.907,0.0008,0.002,
27.01.2020 09:51:23.751 GMT-0500,88.023,87.907,0.0008,0.002,
27.01.2020 09:51:23.853 GMT-0500,87.942,87.838,0.0008,0.002,
27.01.2020 09:51:23.903 GMT-0500,88.012,87.838,0.002,0.002,
27.01.2020 09:51:26.491 GMT-0500,88.013,87.837,0.002,0.002,
27.01.2020 09:51:27.397 GMT-0500,88.012,87.838,0.002,0.002,
27.01.2020 09:51:29.154 GMT-0500,88.013,87.837,0.002,0.002,
27.01.2020 09:51:29.268 GMT-0500,88.012,87.838,0.0008,0.0008,
27.01.2020 09:51:30.346 GMT-0500,88.013,87.837,0.002,0.002,
27.01.2020 09:51:31.425 GMT-0500,88.012,87.838,0.0008,0.0008,
27.01.2020 09:51:40.804 GMT-0500,87.993,87.837,0.0008,0.002,
27.01.2020 09:51:42.241 GMT-0500,87.992,87.838,0.002,0.002,
27.01.2020 09:51:45.598 GMT-0500,87.993,87.837,0.002,0.002,
27.01.2020 09:51:51.407 GMT-0500,87.972,87.837,0.0008,0.002,
27.01.2020 09:51:56.538 GMT-0500,87.953,87.837,0.0008,0.002,
27.01.2020 09:52:07.602 GMT-0500,87.893,87.837,0.0008,0.0008,
27.01.2020 09:52:07.653 GMT-0500,87.942,87.678,0.002,0.002,
27.01.2020 09:52:08.995 GMT-0500,87.883,87.677,0.0008,0.002,
27.01.2020 09:52:09.909 GMT-0500,87.882,87.678,0.0008,0.0008,
27.01.2020 09:52:14.344 GMT-0500,87.842,87.678,0.0008,0.0008,
27.01.2020 09:52:14.704 GMT-0500,87.843,87.677,0.002,0.002,
27.01.2020 09:52:15.721 GMT-0500,87.842,87.678,0.0008,0.0008,
27.01.2020 09:52:22.928 GMT-0500,87.843,87.677,0.002,0.002,
27.01.2020 09:52:28.994 GMT-0500,87.842,87.678,0.0008,0.0008,
27.01.2020 09:52:30.241 GMT-0500,87.843,87.677,0.002,0.002,
27.01.2020 09:52:31.646 GMT-0500,87.842,87.677,0.0008,0.002,
27.01.2020 09:52:34.539 GMT-0500,87.843,87.677,0.002,0.002,
27.01.2020 09:52:36.951 GMT-0500,87.842,87.678,0.0008,0.0008,
27.01.2020 09:52:39.229 GMT-0500,87.812,87.678,0.0008,0.0008,
27.01.2020 09:52:39.372 GMT-0500,87.813,87.677,0.002,0.002,
27.01.2020 09:52:40.385 GMT-0500,87.813,87.707,0.002,0.0008,
27.01.2020 09:52:40.770 GMT-0500,87.812,87.678,0.0008,0.0008,
27.01.2020 09:52:41.846 GMT-0500,87.812,87.608,0.0008,0.002,
27.01.2020 09:52:41.897 GMT-0500,87.812,87.608,0.002,0.002,
27.01.2020 09:52:43.552 GMT-0500,87.813,87.607,0.002,0.002,
27.01.2020 09:52:43.819 GMT-0500,87.812,87.607,0.0008,0.002,
27.01.2020 09:52:46.349 GMT-0500,87.812,87.617,0.0008,0.002,
27.01.2020 09:52:49.229 GMT-0500,87.813,87.617,0.002,0.002,
27.01.2020 09:52:49.938 GMT-0500,87.813,87.627,0.002,0.002,
27.01.2020 09:52:50.073 GMT-0500,87.812,87.628,0.002,0.002,
27.01.2020 09:52:50.647 GMT-0500,87.812,87.698,0.0008,0.0008,
27.01.2020 09:52:51.833 GMT-0500,87.812,87.678,0.0008,0.002,
27.01.2020 09:52:51.883 GMT-0500,87.812,87.678,0.0008,0.0008,
27.01.2020 09:52:52.029 GMT-0500,87.813,87.677,0.002,0.002,
27.01.2020 09:52:52.758 GMT-0500,87.812,87.678,0.0008,0.0008,
27.01.2020 09:52:54.180 GMT-0500,87.813,87.677,0.002,0.002,
27.01.2020 09:52:54.664 GMT-0500,87.812,87.677,0.0008,0.002,
27.01.2020 09:53:00.495 GMT-0500,87.812,87.628,0.0008,0.0008,
27.01.2020 09:53:00.646 GMT-0500,87.812,87.617,0.0008,0.002,
27.01.2020 09:53:08.114 GMT-0500,87.802,87.618,0.0008,0.0008,
27.01.2020 09:53:16.227 GMT-0500,87.802,87.618,0.002,0.002,
27.01.2020 09:53:19.433 GMT-0500,87.802,87.657,0.0008,0.0008,
27.01.2020 09:53:19.701 GMT-0500,87.802,87.648,0.0008,0.0008,
27.01.2020 09:53:22.342 GMT-0500,87.802,87.648,0.0008,0.002,
27.01.2020 09:53:22.507 GMT-0500,87.802,87.648,0.002,0.002,
27.01.2020 09:53:36.292 GMT-0500,87.783,87.648,0.0008,0.0008,
27.01.2020 09:53:37.336 GMT-0500,87.742,87.647,0.0008,0.002,
27.01.2020 09:53:42.086 GMT-0500,87.732,87.648,0.0008,0.002,
27.01.2020 09:53:43.337 GMT-0500,87.693,87.547,0.0008,0.002,
27.01.2020 09:53:43.387 GMT-0500,87.732,87.557,0.0008,0.002,
27.01.2020 09:53:44.764 GMT-0500,87.722,87.548,0.0008,0.002,
27.01.2020 09:53:49.890 GMT-0500,87.722,87.558,0.0008,0.0008,
27.01.2020 09:53:50.069 GMT-0500,87.722,87.548,0.0008,0.0008,
27.01.2020 09:54:01.554 GMT-0500,87.722,87.478,0.0008,0.002,
27.01.2020 09:54:01.605 GMT-0500,87.722,87.478,0.002,0.002,
27.01.2020 09:54:01.883 GMT-0500,87.722,87.478,0.002,0.002,
27.01.2020 09:54:09.889 GMT-0500,87.703,87.547,0.0008,0.002,
27.01.2020 09:54:14.516 GMT-0500,87.672,87.548,0.0008,0.0008,
27.01.2020 09:54:28.470 GMT-0500,87.672,87.618,0.0008,0.0008,
27.01.2020 09:54:28.544 GMT-0500,87.772,87.618,0.002,0.002,
27.01.2020 09:54:28.699 GMT-0500,87.783,87.617,0.002,0.002,
27.01.2020 09:54:29.561 GMT-0500,87.782,87.468,0.0008,0.002,
27.01.2020 09:54:29.612 GMT-0500,87.782,87.468,0.002,0.002,
27.01.2020 09:54:31.018 GMT-0500,87.783,87.467,0.002,0.002,
27.01.2020 09:54:31.439 GMT-0500,87.733,87.467,0.002,0.002,
27.01.2020 09:54:31.875 GMT-0500,87.733,87.468,0.0008,0.0008,
27.01.2020 09:54:31.925 GMT-0500,87.782,87.468,0.002,0.002,
27.01.2020 09:54:48.982 GMT-0500,87.772,87.478,0.0008,0.0008,
27.01.2020 09:54:49.161 GMT-0500,87.782,87.477,0.0008,0.002,
27.01.2020 09:54:53.836 GMT-0500,87.772,87.477,0.0008,0.002,
27.01.2020 09:54:54.851 GMT-0500,87.783,87.587,0.002,0.002,
27.01.2020 09:54:55.315 GMT-0500,87.772,87.587,0.0008,0.002,
27.01.2020 09:54:55.468 GMT-0500,87.782,87.588,0.0008,0.0008,
27.01.2020 09:54:56.662 GMT-0500,87.783,87.607,0.002,0.0008,
27.01.2020 09:55:05.993 GMT-0500,87.772,87.607,0.0008,0.002,
27.01.2020 09:55:06.213 GMT-0500,87.773,87.607,0.0008,0.002,
27.01.2020 09:55:06.263 GMT-0500,87.782,87.607,0.0008,0.002,
27.01.2020 09:55:09.566 GMT-0500,87.783,87.607,0.002,0.002,
27.01.2020 09:55:09.941 GMT-0500,87.773,87.607,0.0008,0.002,
27.01.2020 09:55:10.167 GMT-0500,87.783,87.607,0.002,0.002,
27.01.2020 09:55:10.343 GMT-0500,87.782,87.548,0.0008,0.002,
27.01.2020 09:55:12.038 GMT-0500,87.783,87.607,0.002,0.002,
27.01.2020 09:55:18.080 GMT-0500,87.782,87.608,0.0008,0.0008,
27.01.2020 09:55:19.727 GMT-0500,87.783,87.607,0.002,0.002,
27.01.2020 09:55:20.727 GMT-0500,87.782,87.607,0.0008,0.002,
27.01.2020 09:55:22.402 GMT-0500,87.783,87.607,0.0008,0.002,
27.01.2020 09:55:22.750 GMT-0500,87.852,87.608,0.0008,0.0008,
27.01.2020 09:55:22.909 GMT-0500,87.862,87.548,0.0008,0.0008,
27.01.2020 09:55:23.342 GMT-0500,87.863,87.547,0.002,0.002,
27.01.2020 09:55:24.374 GMT-0500,87.862,87.548,0.0008,0.0008,
27.01.2020 09:55:27.540 GMT-0500,87.863,87.547,0.002,0.002,
27.01.2020 09:55:30.270 GMT-0500,87.862,87.547,0.0008,0.002,
27.01.2020 09:55:41.687 GMT-0500,87.853,87.557,0.0008,0.0008,
27.01.2020 09:55:41.955 GMT-0500,87.863,87.557,0.002,0.002,
27.01.2020 09:55:42.884 GMT-0500,87.852,87.568,0.002,0.002,
27.01.2020 09:55:43.153 GMT-0500,87.862,87.568,0.0008,0.0008,
27.01.2020 09:55:48.115 GMT-0500,87.862,87.548,0.0008,0.002,
27.01.2020 09:55:48.166 GMT-0500,87.862,87.548,0.0008,0.0008,
27.01.2020 09:55:58.738 GMT-0500,87.842,87.548,0.0008,0.002,
27.01.2020 09:56:06.550 GMT-0500,87.842,87.637,0.0008,0.0008,
27.01.2020 09:56:08.371 GMT-0500,87.842,87.637,0.0008,0.002,
27.01.2020 09:56:22.995 GMT-0500,87.832,87.638,0.0008,0.002,
27.01.2020 09:56:23.301 GMT-0500,87.833,87.637,0.0008,0.002,
27.01.2020 09:56:23.351 GMT-0500,87.842,87.637,0.0008,0.002,
27.01.2020 09:56:30.240 GMT-0500,87.792,87.637,0.0008,0.002,
27.01.2020 09:56:30.648 GMT-0500,87.842,87.638,0.0008,0.0008,
27.01.2020 09:56:31.187 GMT-0500,87.832,87.637,0.0008,0.002,
27.01.2020 09:56:31.407 GMT-0500,87.833,87.637,0.0008,0.002,
27.01.2020 09:56:31.457 GMT-0500,87.843,87.637,0.002,0.002,
27.01.2020 09:56:39.798 GMT-0500,87.842,87.618,0.0008,0.002,
27.01.2020 09:56:39.849 GMT-0500,87.782,87.617,0.0008,0.002,
27.01.2020 09:56:51.217 GMT-0500,87.762,87.618,0.0008,0.002,
27.01.2020 09:56:56.035 GMT-0500,87.762,87.548,0.0008,0.0008,
27.01.2020 09:56:56.260 GMT-0500,87.762,87.548,0.002,0.002,
27.01.2020 09:56:56.310 GMT-0500,87.762,87.547,0.0008,0.002,
27.01.2020 09:56:58.628 GMT-0500,87.752,87.547,0.0008,0.002,
27.01.2020 09:57:00.563 GMT-0500,87.752,87.637,0.0008,0.0008,
27.01.2020 09:57:00.614 GMT-0500,87.832,87.678,0.0008,0.0008,
27.01.2020 09:57:00.740 GMT-0500,87.842,87.677,0.0008,0.002,
27.01.2020 09:57:01.269 GMT-0500,87.842,87.697,0.0008,0.0008,
27.01.2020 09:57:01.545 GMT-0500,87.843,87.697,0.002,0.002,
27.01.2020 09:57:02.055 GMT-0500,87.833,87.708,0.0008,0.002,
27.01.2020 09:57:02.105 GMT-0500,87.823,87.707,0.002,0.002,
27.01.2020 09:57:02.825 GMT-0500,87.823,87.697,0.002,0.002,
27.01.2020 09:57:05.127 GMT-0500,87.843,87.697,0.002,0.002,
27.01.2020 09:57:06.351 GMT-0500,87.823,87.697,0.0008,0.002,
27.01.2020 09:57:09.114 GMT-0500,87.863,87.697,0.002,0.002,
27.01.2020 09:57:10.286 GMT-0500,87.852,87.697,0.0008,0.002,
27.01.2020 09:57:10.414 GMT-0500,87.853,87.697,0.0008,0.002,
27.01.2020 09:57:10.466 GMT-0500,87.862,87.697,0.0008,0.002,
27.01.2020 09:57:11.948 GMT-0500,87.862,87.697,0.0008,0.0008,
27.01.2020 09:57:12.027 GMT-0500,87.762,87.548,0.002,0.002,
27.01.2020 09:57:12.453 GMT-0500,87.762,87.637,0.0008,0.0008,
27.01.2020 09:57:14.983 GMT-0500,87.763,87.637,0.0008,0.002,
27.01.2020 09:57:15.034 GMT-0500,87.793,87.637,0.002,0.002,
27.01.2020 09:57:15.654 GMT-0500,87.782,87.638,0.0008,0.0008,
27.01.2020 09:57:17.544 GMT-0500,87.752,87.638,0.0008,0.002,
27.01.2020 09:57:18.453 GMT-0500,87.753,87.637,0.002,0.0008,
27.01.2020 09:57:18.503 GMT-0500,87.753,87.557,0.002,0.002,
27.01.2020 09:57:18.762 GMT-0500,87.743,87.557,0.0008,0.002,
27.01.2020 09:57:20.295 GMT-0500,87.742,87.547,0.0008,0.002,
27.01.2020 09:57:21.256 GMT-0500,87.723,87.547,0.0008,0.002,
27.01.2020 09:57:21.633 GMT-0500,87.723,87.547,0.0008,0.002,
27.01.2020 09:57:21.683 GMT-0500,87.732,87.547,0.0008,0.002,
27.01.2020 09:57:31.145 GMT-0500,87.722,87.548,0.0008,0.002,
27.01.2020 09:57:35.008 GMT-0500,87.702,87.478,0.0008,0.002,
27.01.2020 09:57:35.058 GMT-0500,87.722,87.478,0.002,0.002,
27.01.2020 09:57:35.764 GMT-0500,87.702,87.478,0.0008,0.002,
27.01.2020 09:57:47.862 GMT-0500,87.662,87.478,0.0008,0.002,
27.01.2020 09:57:59.552 GMT-0500,87.662,87.498,0.002,0.0008,
27.01.2020 09:58:00.911 GMT-0500,87.662,87.477,0.0008,0.002,
27.01.2020 09:58:04.724 GMT-0500,87.582,87.318,0.0008,0.002,
27.01.2020 09:58:04.775 GMT-0500,87.582,87.318,0.002,0.002,
27.01.2020 09:58:04.825 GMT-0500,87.562,87.308,0.0008,0.0008,
27.01.2020 09:58:05.750 GMT-0500,87.562,87.378,0.002,0.002,
27.01.2020 09:58:06.049 GMT-0500,87.642,87.377,0.0008,0.002,
27.01.2020 09:58:08.783 GMT-0500,87.562,87.378,0.0008,0.0008,
27.01.2020 09:58:12.798 GMT-0500,87.553,87.317,0.002,0.002,
27.01.2020 09:58:13.255 GMT-0500,87.552,87.317,0.0008,0.002,
27.01.2020 09:58:13.309 GMT-0500,87.543,87.317,0.0008,0.002,
27.01.2020 09:58:13.811 GMT-0500,87.543,87.327,0.002,0.0008,
27.01.2020 09:58:13.936 GMT-0500,87.542,87.327,0.0008,0.002,
27.01.2020 09:58:33.470 GMT-0500,87.543,87.327,0.002,0.002,
27.01.2020 09:58:39.005 GMT-0500,87.542,87.328,0.0008,0.0008,
27.01.2020 09:58:44.005 GMT-0500,87.542,87.387,0.0008,0.002,
27.01.2020 09:58:46.405 GMT-0500,87.532,87.328,0.0008,0.002,
27.01.2020 09:58:46.456 GMT-0500,87.532,87.328,0.002,0.002,
27.01.2020 09:59:04.319 GMT-0500,87.532,87.328,0.0008,0.002,
27.01.2020 09:59:04.369 GMT-0500,87.542,87.387,0.0008,0.002,
27.01.2020 09:59:04.598 GMT-0500,87.573,87.387,0.002,0.002,
27.01.2020 09:59:06.378 GMT-0500,87.562,87.388,0.0008,0.0008,
27.01.2020 09:59:07.407 GMT-0500,87.562,87.328,0.0008,0.002,
27.01.2020 09:59:07.509 GMT-0500,87.562,87.328,0.002,0.002,
27.01.2020 09:59:12.664 GMT-0500,87.523,87.327,0.0008,0.002,
27.01.2020 09:59:13.086 GMT-0500,87.522,87.338,0.0008,0.0008,
27.01.2020 09:59:15.144 GMT-0500,87.572,87.328,0.0008,0.0008,
27.01.2020 09:59:17.417 GMT-0500,87.573,87.327,0.002,0.002,
27.01.2020 09:59:19.385 GMT-0500,87.563,87.327,0.0008,0.002,
27.01.2020 09:59:19.625 GMT-0500,87.573,87.327,0.002,0.002,
27.01.2020 09:59:22.035 GMT-0500,87.563,87.327,0.0008,0.002,
27.01.2020 09:59:23.634 GMT-0500,87.563,87.327,0.0008,0.002,
27.01.2020 09:59:23.684 GMT-0500,87.572,87.328,0.002,0.002,
27.01.2020 09:59:27.353 GMT-0500,87.572,87.337,0.0008,0.002,
27.01.2020 09:59:28.121 GMT-0500,87.533,87.337,0.0008,0.002,
27.01.2020 09:59:32.076 GMT-0500,87.533,87.347,0.002,0.0008,
27.01.2020 09:59:32.322 GMT-0500,87.532,87.338,0.0008,0.002,
27.01.2020 09:59:32.373 GMT-0500,87.532,87.338,0.0008,0.0008,
27.01.2020 09:59:36.271 GMT-0500,87.533,87.337,0.0008,0.002,
27.01.2020 09:59:36.322 GMT-0500,87.573,87.337,0.002,0.002,
27.01.2020 09:59:37.691 GMT-0500,87.573,87.417,0.002,0.002,
27.01.2020 09:59:42.408 GMT-0500,87.613,87.507,0.002,0.002,
27.01.2020 09:59:42.520 GMT-0500,87.613,87.547,0.0008,0.002,
27.01.2020 09:59:42.570 GMT-0500,87.642,87.508,0.0008,0.0008,
27.01.2020 09:59:44.097 GMT-0500,87.642,87.508,0.0008,0.002,
27.01.2020 09:59:44.241 GMT-0500,87.642,87.528,0.0008,0.002,
27.01.2020 09:59:46.550 GMT-0500,87.642,87.417,0.0008,0.002,
27.01.2020 09:59:46.601 GMT-0500,87.642,87.408,0.0008,0.0008,
27.01.2020 09:59:50.053 GMT-0500,87.642,87.488,0.0008,0.0008,
27.01.2020 09:59:50.302 GMT-0500,87.642,87.487,0.0008,0.002,
27.01.2020 09:59:50.353 GMT-0500,87.642,87.487,0.0008,0.002,
27.01.2020 09:59:50.835 GMT-0500,87.642,87.338,0.002,0.002,
27.01.2020 10:00:05.840 GMT-0500,87.642,87.347,0.0008,0.0008,
27.01.2020 10:00:05.943 GMT-0500,87.642,87.347,0.0008,0.002,
27.01.2020 10:00:10.057 GMT-0500,87.642,87.547,0.0008,0.0008,
27.01.2020 10:00:25.640 GMT-0500,87.622,87.557,0.0008,0.0008,
27.01.2020 10:00:25.691 GMT-0500,87.622,87.477,0.0008,0.002,
27.01.2020 10:00:25.812 GMT-0500,87.622,87.397,0.0008,0.002,
27.01.2020 10:00:26.315 GMT-0500,87.623,87.398,0.0008,0.0008,
27.01.2020 10:00:26.366 GMT-0500,87.632,87.398,0.0008,0.0008,
27.01.2020 10:00:31.936 GMT-0500,87.632,87.408,0.0008,0.0008,
27.01.2020 10:00:32.037 GMT-0500,87.633,87.397,0.002,0.002,
27.01.2020 10:00:38.963 GMT-0500,87.633,87.397,0.002,0.002,
27.01.2020 10:00:55.143 GMT-0500,87.632,87.408,0.0008,0.002,
27.01.2020 10:00:55.193 GMT-0500,87.632,87.408,0.002,0.002,
27.01.2020 10:00:55.481 GMT-0500,87.632,87.398,0.002,0.002,
27.01.2020 10:00:55.532 GMT-0500,87.632,87.468,0.002,0.002,
27.01.2020 10:01:00.673 GMT-0500,87.562,87.468,0.0008,0.0008,
27.01.2020 10:01:00.723 GMT-0500,87.552,87.337,0.0008,0.002,
27.01.2020 10:01:01.757 GMT-0500,87.562,87.347,0.0008,0.0008,
27.01.2020 10:01:05.906 GMT-0500,87.543,87.347,0.0008,0.002,
27.01.2020 10:01:09.445 GMT-0500,87.532,87.348,0.0008,0.0008,
27.01.2020 10:01:09.862 GMT-0500,87.532,87.357,0.0008,0.0008,
27.01.2020 10:01:10.205 GMT-0500,87.533,87.357,0.002,0.0008,
27.01.2020 10:01:10.319 GMT-0500,87.532,87.348,0.0008,0.0008,
27.01.2020 10:01:11.531 GMT-0500,87.523,87.347,0.0008,0.002,
27.01.2020 10:01:14.889 GMT-0500,87.523,87.347,0.002,0.002,
27.01.2020 10:01:17.133 GMT-0500,87.492,87.358,0.0008,0.0008,
27.01.2020 10:01:17.690 GMT-0500,87.493,87.347,0.002,0.002,
27.01.2020 10:01:17.741 GMT-0500,87.493,87.347,0.002,0.002,
27.01.2020 10:01:19.873 GMT-0500,87.493,87.357,0.002,0.0008,
27.01.2020 10:01:20.061 GMT-0500,87.492,87.348,0.0008,0.0008,
27.01.2020 10:01:20.112 GMT-0500,87.493,87.357,0.002,0.002,
27.01.2020 10:01:20.285 GMT-0500,87.493,87.347,0.002,0.002,
27.01.2020 10:01:29.633 GMT-0500,87.483,87.307,0.002,0.002,
27.01.2020 10:01:30.002 GMT-0500,87.492,87.277,0.0008,0.002,
27.01.2020 10:01:30.079 GMT-0500,87.483,87.277,0.0008,0.002,
27.01.2020 10:01:54.280 GMT-0500,87.443,87.277,0.0008,0.002,
27.01.2020 10:01:54.330 GMT-0500,87.422,87.247,0.0008,0.002,
27.01.2020 10:01:54.451 GMT-0500,87.423,87.247,0.002,0.0008,
27.01.2020 10:01:54.553 GMT-0500,87.422,87.238,0.0008,0.0008,
27.01.2020 10:01:54.660 GMT-0500,87.492,87.237,0.0008,0.002,
27.01.2020 10:01:54.761 GMT-0500,87.493,87.237,0.002,0.002,
27.01.2020 10:01:55.181 GMT-0500,87.442,87.237,0.0008,0.002,
27.01.2020 10:02:00.016 GMT-0500,87.422,87.238,0.0008,0.002,
27.01.2020 10:02:00.485 GMT-0500,87.493,87.127,0.002,0.002,
27.01.2020 10:02:00.753 GMT-0500,87.423,87.207,0.0008,0.0008,
27.01.2020 10:02:00.936 GMT-0500,87.422,87.258,0.0008,0.0008,
27.01.2020 10:02:01.048 GMT-0500,87.423,87.207,0.002,0.002,
27.01.2020 10:02:01.099 GMT-0500,87.422,87.207,0.0008,0.002,
27.01.2020 10:02:02.636 GMT-0500,87.412,87.208,0.002,0.002,
27.01.2020 10:02:02.741 GMT-0500,87.402,87.208,0.0008,0.0008,
27.01.2020 10:02:03.581 GMT-0500,87.402,87.247,0.0008,0.0008,
27.01.2020 10:02:03.990 GMT-0500,87.403,87.247,0.002,0.0008,
27.01.2020 10:02:04.040 GMT-0500,87.403,87.207,0.002,0.002,
27.01.2020 10:02:05.060 GMT-0500,87.402,87.207,0.0008,0.002,
27.01.2020 10:02:06.403 GMT-0500,87.402,87.208,0.0008,0.002,
27.01.2020 10:02:13.785 GMT-0500,87.402,87.218,0.002,0.002,
27.01.2020 10:02:23.693 GMT-0500,87.382,87.208,0.002,0.002,
27.01.2020 10:02:24.073 GMT-0500,87.382,87.237,0.0008,0.0008,
27.01.2020 10:02:24.174 GMT-0500,87.382,87.237,0.0008,0.002,
27.01.2020 10:02:24.914 GMT-0500,87.383,87.237,0.002,0.002,
27.01.2020 10:02:27.412 GMT-0500,87.383,87.127,0.002,0.002,
27.01.2020 10:02:27.650 GMT-0500,87.383,87.197,0.002,0.0008,
27.01.2020 10:02:30.619 GMT-0500,87.382,87.218,0.0008,0.0008,
27.01.2020 10:02:40.171 GMT-0500,87.382,87.128,0.002,0.002,
27.01.2020 10:02:49.606 GMT-0500,87.383,87.127,0.002,0.002,
27.01.2020 10:02:49.713 GMT-0500,87.353,87.127,0.002,0.002,
27.01.2020 10:02:49.763 GMT-0500,87.273,86.837,0.002,0.002,
27.01.2020 10:02:50.221 GMT-0500,87.273,86.667,0.002,0.002,
27.01.2020 10:02:50.421 GMT-0500,87.272,86.767,0.0008,0.002,
27.01.2020 10:02:50.705 GMT-0500,87.272,86.948,0.002,0.0008,
27.01.2020 10:02:53.729 GMT-0500,87.262,87.067,0.0008,0.002,
27.01.2020 10:02:55.690 GMT-0500,87.262,87.078,0.0008,0.0008,
27.01.2020 10:03:02.104 GMT-0500,87.272,87.078,0.002,0.002,
27.01.2020 10:03:02.990 GMT-0500,87.272,87.078,0.002,0.002,
27.01.2020 10:03:06.849 GMT-0500,87.253,87.097,0.0008,0.002,
27.01.2020 10:03:21.394 GMT-0500,87.242,86.947,0.0008,0.002,
27.01.2020 10:03:22.282 GMT-0500,87.242,86.947,0.0008,0.002,
27.01.2020 10:03:22.400 GMT-0500,87.242,86.957,0.0008,0.0008,
27.01.2020 10:03:22.450 GMT-0500,87.242,86.947,0.0008,0.002,
27.01.2020 10:03:22.842 GMT-0500,87.243,86.947,0.002,0.002,
27.01.2020 10:03:22.892 GMT-0500,87.202,87.008,0.002,0.002,
27.01.2020 10:03:41.162 GMT-0500,87.202,86.947,0.0008,0.002,
27.01.2020 10:03:43.446 GMT-0500,87.203,86.947,0.002,0.002,
27.01.2020 10:03:51.373 GMT-0500,87.202,86.997,0.0008,0.002,
27.01.2020 10:03:55.536 GMT-0500,87.183,86.997,0.002,0.002,
27.01.2020 10:04:03.536 GMT-0500,87.182,86.958,0.002,0.002,
27.01.2020 10:04:03.587 GMT-0500,87.182,86.958,0.002,0.002,
27.01.2020 10:04:03.853 GMT-0500,87.182,86.947,0.0008,0.002,
27.01.2020 10:04:04.560 GMT-0500,87.163,86.957,0.0008,0.0008,
27.01.2020 10:04:04.994 GMT-0500,87.162,86.957,0.0008,0.0008,
27.01.2020 10:04:05.044 GMT-0500,87.162,86.948,0.002,0.002,
27.01.2020 10:04:06.606 GMT-0500,87.162,86.987,0.0008,0.0008,
27.01.2020 10:04:07.032 GMT-0500,87.163,86.947,0.002,0.002,
27.01.2020 10:04:07.082 GMT-0500,87.162,86.947,0.0008,0.002,
27.01.2020 10:04:07.482 GMT-0500,87.123,86.947,0.0008,0.002,
27.01.2020 10:04:07.646 GMT-0500,87.142,86.948,0.0008,0.0008,
27.01.2020 10:04:09.968 GMT-0500,87.133,86.957,0.0008,0.0008,
27.01.2020 10:04:10.069 GMT-0500,87.132,86.948,0.002,0.002,
27.01.2020 10:04:11.901 GMT-0500,87.122,86.957,0.0008,0.002,
27.01.2020 10:04:12.207 GMT-0500,87.122,86.947,0.0008,0.002,
27.01.2020 10:04:14.422 GMT-0500,87.113,86.947,0.0008,0.002,
27.01.2020 10:04:14.701 GMT-0500,87.112,86.917,0.0008,0.002,
27.01.2020 10:04:16.311 GMT-0500,87.113,86.917,0.002,0.0008,
27.01.2020 10:04:17.532 GMT-0500,87.112,86.808,0.0008,0.0008,
27.01.2020 10:04:17.671 GMT-0500,87.112,86.798,0.0008,0.002,
27.01.2020 10:04:18.802 GMT-0500,87.112,86.798,0.0008,0.0008,
27.01.2020 10:04:18.864 GMT-0500,87.103,86.917,0.002,0.002,
27.01.2020 10:04:19.128 GMT-0500,87.102,86.798,0.0008,0.002,
27.01.2020 10:04:19.179 GMT-0500,87.102,86.798,0.002,0.002,
27.01.2020 10:04:20.204 GMT-0500,87.102,86.807,0.0008,0.0008,
27.01.2020 10:04:20.306 GMT-0500,87.102,86.808,0.002,0.002,
27.01.2020 10:04:20.418 GMT-0500,87.093,86.807,0.0008,0.002,
27.01.2020 10:04:23.487 GMT-0500,87.083,86.807,0.0008,0.002,
27.01.2020 10:04:23.662 GMT-0500,87.083,86.807,0.002,0.002,
27.01.2020 10:04:23.712 GMT-0500,87.082,86.928,0.002,0.002,
27.01.2020 10:04:25.656 GMT-0500,87.082,86.917,0.0008,0.002,
27.01.2020 10:04:26.168 GMT-0500,87.082,86.808,0.002,0.002,
27.01.2020 10:04:26.242 GMT-0500,87.082,86.897,0.0008,0.0008,
27.01.2020 10:04:28.049 GMT-0500,87.082,86.807,0.0008,0.002,
27.01.2020 10:04:28.198 GMT-0500,87.082,86.817,0.0008,0.002,
27.01.2020 10:04:28.403 GMT-0500,87.063,86.807,0.002,0.002,
27.01.2020 10:04:28.454 GMT-0500,87.063,86.807,0.002,0.002,
27.01.2020 10:04:33.102 GMT-0500,87.063,86.817,0.002,0.0008,
27.01.2020 10:04:33.202 GMT-0500,87.062,86.808,0.0008,0.0008,
27.01.2020 10:04:34.287 GMT-0500,87.053,86.807,0.0008,0.002,
27.01.2020 10:04:34.388 GMT-0500,87.052,86.838,0.002,0.002,
27.01.2020 10:04:35.234 GMT-0500,87.042,86.868,0.0008,0.002,
27.01.2020 10:04:35.603 GMT-0500,87.043,86.867,0.002,0.0008,
27.01.2020 10:04:35.653 GMT-0500,87.042,86.838,0.0008,0.0008,
27.01.2020 10:04:39.806 GMT-0500,87.043,86.777,0.002,0.002,
27.01.2020 10:04:39.857 GMT-0500,87.042,86.777,0.0008,0.002,
27.01.2020 10:04:40.166 GMT-0500,87.043,86.777,0.002,0.002,
27.01.2020 10:04:41.841 GMT-0500,87.042,86.788,0.0008,0.0008,
27.01.2020 10:04:41.941 GMT-0500,87.042,86.778,0.002,0.002,
27.01.2020 10:04:45.849 GMT-0500,87.042,86.778,0.0008,0.002,
27.01.2020 10:04:46.152 GMT-0500,87.042,86.778,0.002,0.002,
27.01.2020 10:04:47.656 GMT-0500,87.042,86.787,0.0008,0.0008,
27.01.2020 10:04:47.763 GMT-0500,87.042,86.787,0.0008,0.002,
27.01.2020 10:04:47.813 GMT-0500,87.042,86.778,0.0008,0.0008,
27.01.2020 10:04:50.560 GMT-0500,87.042,86.788,0.0008,0.0008,
27.01.2020 10:04:50.660 GMT-0500,87.042,86.777,0.0008,0.002,
27.01.2020 10:04:51.655 GMT-0500,87.042,86.827,0.0008,0.0008,
27.01.2020 10:04:55.135 GMT-0500,86.992,86.798,0.0008,0.002,
27.01.2020 10:04:55.186 GMT-0500,86.992,86.798,0.0008,0.0008,
27.01.2020 10:04:59.338 GMT-0500,86.993,86.797,0.002,0.002,
27.01.2020 10:05:03.057 GMT-0500,86.963,86.767,0.0008,0.002,
27.01.2020 10:05:03.107 GMT-0500,86.963,86.767,0.002,0.002,
27.01.2020 10:05:03.177 GMT-0500,86.952,86.768,0.0008,0.0008,
27.01.2020 10:05:04.010 GMT-0500,86.933,86.768,0.0008,0.0008,
27.01.2020 10:05:15.294 GMT-0500,86.932,86.768,0.0008,0.0008,
27.01.2020 10:05:15.770 GMT-0500,86.933,86.587,0.002,0.002,
27.01.2020 10:05:15.823 GMT-0500,86.932,86.587,0.0008,0.002,
27.01.2020 10:05:17.301 GMT-0500,86.932,86.598,0.002,0.0008,
27.01.2020 10:05:17.627 GMT-0500,86.932,86.778,0.002,0.0008,
27.01.2020 10:05:17.728 GMT-0500,86.932,86.598,0.002,0.002,
27.01.2020 10:05:19.962 GMT-0500,86.932,86.607,0.0008,0.002,
27.01.2020 10:05:20.013 GMT-0500,86.932,86.597,0.0008,0.002,
27.01.2020 10:05:20.063 GMT-0500,86.932,86.758,0.0008,0.0008,
27.01.2020 10:05:21.696 GMT-0500,86.912,86.758,0.0008,0.0008,
27.01.2020 10:05:23.843 GMT-0500,86.912,86.598,0.0008,0.0008,
27.01.2020 10:05:24.017 GMT-0500,86.913,86.607,0.002,0.0008,
27.01.2020 10:05:24.213 GMT-0500,86.912,86.598,0.002,0.002,
27.01.2020 10:05:24.457 GMT-0500,86.903,86.597,0.002,0.002,
27.01.2020 10:05:25.030 GMT-0500,86.903,86.597,0.002,0.002,
27.01.2020 10:05:25.609 GMT-0500,86.902,86.738,0.0008,0.0008,
27.01.2020 10:05:28.418 GMT-0500,86.892,86.738,0.0008,0.0008,
27.01.2020 10:05:38.222 GMT-0500,86.893,86.788,0.0008,0.0008,
27.01.2020 10:05:38.272 GMT-0500,86.972,86.788,0.002,0.002,
27.01.2020 10:05:38.323 GMT-0500,86.982,86.787,0.0008,0.002,
27.01.2020 10:05:40.872 GMT-0500,86.982,86.787,0.0008,0.002,
27.01.2020 10:05:43.763 GMT-0500,86.982,86.837,0.0008,0.0008,
27.01.2020 10:05:44.002 GMT-0500,86.982,86.848,0.0008,0.0008,
27.01.2020 10:05:47.605 GMT-0500,86.982,86.838,0.002,0.002,
27.01.2020 10:05:56.966 GMT-0500,86.903,86.607,0.0008,0.002,
27.01.2020 10:05:57.017 GMT-0500,86.903,86.707,0.002,0.002,
27.01.2020 10:05:58.068 GMT-0500,86.902,86.607,0.0008,0.002,
27.01.2020 10:05:58.699 GMT-0500,86.902,86.688,0.0008,0.0008,
27.01.2020 10:05:58.800 GMT-0500,86.882,86.687,0.0008,0.002,
27.01.2020 10:05:58.850 GMT-0500,86.942,86.687,0.0008,0.002,
27.01.2020 10:05:59.075 GMT-0500,86.953,86.687,0.002,0.002,
27.01.2020 10:06:02.304 GMT-0500,86.953,86.607,0.002,0.002,
27.01.2020 10:06:03.737 GMT-0500,86.953,86.507,0.002,0.002,
27.01.2020 10:06:14.581 GMT-0500,86.943,86.517,0.0008,0.0008,
27.01.2020 10:06:14.957 GMT-0500,86.953,86.517,0.002,0.002,
27.01.2020 10:06:22.482 GMT-0500,86.943,86.517,0.0008,0.002,
27.01.2020 10:06:22.713 GMT-0500,86.942,86.528,0.0008,0.002,
27.01.2020 10:06:22.764 GMT-0500,86.952,86.528,0.002,0.002,
27.01.2020 10:06:26.009 GMT-0500,86.873,86.527,0.0008,0.002,
27.01.2020 10:06:33.904 GMT-0500,86.703,86.537,0.0008,0.0008,
27.01.2020 10:06:34.228 GMT-0500,86.702,86.528,0.002,0.002,
27.01.2020 10:06:34.278 GMT-0500,86.702,86.528,0.0008,0.0008,
27.01.2020 10:06:34.496 GMT-0500,86.703,86.617,0.002,0.002,
27.01.2020 10:06:34.546 GMT-0500,86.853,86.397,0.002,0.002,
27.01.2020 10:06:34.696 GMT-0500,86.732,86.568,0.0008,0.0008,
27.01.2020 10:06:34.746 GMT-0500,86.732,86.398,0.0008,0.0008,
27.01.2020 10:06:37.240 GMT-0500,86.732,86.398,0.002,0.002,
27.01.2020 10:06:37.450 GMT-0500,86.733,86.407,0.002,0.002,
27.01.2020 10:06:38.274 GMT-0500,86.733,86.418,0.0008,0.0008,
27.01.2020 10:06:38.324 GMT-0500,86.832,86.418,0.002,0.002,
27.01.2020 10:06:39.077 GMT-0500,86.832,86.428,0.002,0.0008,
27.01.2020 10:06:39.197 GMT-0500,86.833,86.427,0.002,0.0008,
27.01.2020 10:06:39.248 GMT-0500,86.833,86.417,0.002,0.002,
27.01.2020 10:06:39.789 GMT-0500,86.833,86.427,0.002,0.0008,
27.01.2020 10:06:39.890 GMT-0500,86.832,86.397,0.0008,0.002,
27.01.2020 10:06:40.481 GMT-0500,86.823,86.637,0.0008,0.0008,
27.01.2020 10:06:40.531 GMT-0500,86.832,86.397,0.0008,0.002,
27.01.2020 10:06:44.979 GMT-0500,86.832,86.407,0.0008,0.0008,
27.01.2020 10:06:45.294 GMT-0500,86.833,86.407,0.002,0.0008,
27.01.2020 10:06:45.345 GMT-0500,86.832,86.398,0.0008,0.0008,
27.01.2020 10:06:46.933 GMT-0500,86.832,86.398,0.002,0.002,
27.01.2020 10:06:47.400 GMT-0500,86.833,86.407,0.002,0.002,
27.01.2020 10:06:48.217 GMT-0500,86.833,86.407,0.002,0.002,
27.01.2020 10:06:48.504 GMT-0500,86.832,86.408,0.0008,0.0008,
27.01.2020 10:06:54.657 GMT-0500,86.832,86.408,0.0008,0.002,
27.01.2020 10:06:54.817 GMT-0500,86.833,86.407,0.002,0.002,
27.01.2020 10:06:54.868 GMT-0500,86.832,86.407,0.0008,0.002,
27.01.2020 10:07:00.091 GMT-0500,86.832,86.418,0.002,0.0008,
27.01.2020 10:07:00.273 GMT-0500,86.832,86.398,0.0008,0.0008,
27.01.2020 10:07:08.038 GMT-0500,86.833,86.617,0.002,0.0008,
27.01.2020 10:07:21.617 GMT-0500,86.832,86.408,0.002,0.002,
27.01.2020 10:07:21.667 GMT-0500,86.832,86.408,0.0008,0.0008,
27.01.2020 10:07:21.853 GMT-0500,86.832,86.398,0.0008,0.0008,
27.01.2020 10:07:22.624 GMT-0500,86.832,86.408,0.0008,0.0008,
27.01.2020 10:07:22.726 GMT-0500,86.833,86.397,0.002,0.002,
27.01.2020 10:07:26.414 GMT-0500,86.782,86.398,0.0008,0.0008,
27.01.2020 10:07:38.651 GMT-0500,86.782,86.628,0.002,0.002,
27.01.2020 10:08:21.057 GMT-0500,86.782,86.397,0.0008,0.002,
27.01.2020 10:08:22.834 GMT-0500,86.782,86.407,0.0008,0.0008,
27.01.2020 10:08:23.004 GMT-0500,86.783,86.407,0.002,0.002,
27.01.2020 10:08:27.313 GMT-0500,86.762,86.408,0.0008,0.0008,
27.01.2020 10:08:27.434 GMT-0500,86.763,86.407,0.002,0.002,
27.01.2020 10:08:27.485 GMT-0500,86.762,86.407,0.0008,0.002,
27.01.2020 10:08:28.444 GMT-0500,86.763,86.417,0.002,0.002,
27.01.2020 10:08:28.602 GMT-0500,86.762,86.418,0.0008,0.0008,
27.01.2020 10:08:33.409 GMT-0500,86.762,86.618,0.0008,0.0008,
27.01.2020 10:08:33.909 GMT-0500,86.763,86.617,0.0008,0.002,
27.01.2020 10:08:33.959 GMT-0500,86.832,86.617,0.0008,0.002,
27.01.2020 10:08:34.093 GMT-0500,86.822,86.618,0.0008,0.002,
27.01.2020 10:08:34.144 GMT-0500,86.833,86.617,0.002,0.002,
27.01.2020 10:08:43.513 GMT-0500,86.832,86.617,0.0008,0.002,
27.01.2020 10:08:46.494 GMT-0500,86.763,86.617,0.0008,0.002,
27.01.2020 10:08:46.913 GMT-0500,86.762,86.618,0.0008,0.0008,
27.01.2020 10:08:52.769 GMT-0500,86.763,86.617,0.002,0.002,
27.01.2020 10:08:55.893 GMT-0500,86.762,86.617,0.0008,0.0008,
27.01.2020 10:08:55.943 GMT-0500,86.762,86.588,0.002,0.002,
27.01.2020 10:09:00.632 GMT-0500,86.762,86.417,0.0008,0.002,
27.01.2020 10:09:00.682 GMT-0500,86.762,86.607,0.0008,0.002,
27.01.2020 10:09:03.395 GMT-0500,86.762,86.588,0.0008,0.0008,
27.01.2020 10:09:03.921 GMT-0500,86.762,86.418,0.0008,0.002,
27.01.2020 10:09:03.972 GMT-0500,86.762,86.418,0.0008,0.0008,
27.01.2020 10:09:10.309 GMT-0500,86.762,86.628,0.0008,0.0008,
27.01.2020 10:09:13.968 GMT-0500,86.763,86.627,0.002,0.002,
27.01.2020 10:09:14.647 GMT-0500,86.762,86.638,0.0008,0.0008,
27.01.2020 10:09:14.748 GMT-0500,86.763,86.637,0.002,0.002,
27.01.2020 10:09:16.493 GMT-0500,86.762,86.638,0.0008,0.0008,
27.01.2020 10:09:22.060 GMT-0500,86.763,86.637,0.002,0.002,
27.01.2020 10:09:23.118 GMT-0500,86.762,86.638,0.0008,0.0008,
27.01.2020 10:09:26.649 GMT-0500,86.763,86.637,0.002,0.002,
27.01.2020 10:09:32.579 GMT-0500,86.683,86.627,0.0008,0.0008,
27.01.2020 10:09:32.629 GMT-0500,86.682,86.428,0.0008,0.0008,
27.01.2020 10:09:33.423 GMT-0500,86.682,86.417,0.0008,0.002,
27.01.2020 10:09:34.006 GMT-0500,86.683,86.417,0.002,0.002,
27.01.2020 10:09:34.132 GMT-0500,86.682,86.418,0.0008,0.002,
27.01.2020 10:09:34.182 GMT-0500,86.682,86.418,0.0008,0.0008,
27.01.2020 10:09:34.446 GMT-0500,86.683,86.417,0.002,0.002,
27.01.2020 10:09:34.782 GMT-0500,86.682,86.417,0.0008,0.002,
27.01.2020 10:09:35.576 GMT-0500,86.743,86.417,0.002,0.002,
27.01.2020 10:09:36.863 GMT-0500,86.683,86.417,0.0008,0.002,
27.01.2020 10:09:49.215 GMT-0500,86.682,86.428,0.0008,0.0008,
27.01.2020 10:09:49.470 GMT-0500,86.683,86.417,0.002,0.002,
27.01.2020 10:09:53.586 GMT-0500,86.682,86.588,0.0008,0.0008,
27.01.2020 10:09:54.585 GMT-0500,86.683,86.587,0.002,0.002,
27.01.2020 10:10:03.823 GMT-0500,86.682,86.587,0.0008,0.002,
27.01.2020 10:10:06.881 GMT-0500,86.682,86.527,0.0008,0.002,
27.01.2020 10:10:10.142 GMT-0500,86.672,86.528,0.0008,0.002,
27.01.2020 10:10:35.547 GMT-0500,86.673,86.527,0.002,0.002,
27.01.2020 10:10:37.926 GMT-0500,86.732,86.527,0.0008,0.002,
27.01.2020 10:10:38.720 GMT-0500,86.722,86.527,0.0008,0.002,
27.01.2020 10:10:38.950 GMT-0500,86.732,86.528,0.002,0.002,
27.01.2020 10:10:42.133 GMT-0500,86.663,86.528,0.0008,0.0008,
27.01.2020 10:10:45.005 GMT-0500,86.732,86.528,0.0008,0.0008,
27.01.2020 10:10:45.074 GMT-0500,86.722,86.528,0.0008,0.0008,
27.01.2020 10:10:48.673 GMT-0500,86.712,86.528,0.0008,0.002,
27.01.2020 10:10:48.857 GMT-0500,86.722,86.528,0.002,0.002,
27.01.2020 10:10:53.301 GMT-0500,86.652,86.528,0.0008,0.002,
27.01.2020 10:10:53.831 GMT-0500,86.583,86.527,0.0008,0.002,
27.01.2020 10:10:53.881 GMT-0500,86.573,86.427,0.002,0.002,
27.01.2020 10:10:54.935 GMT-0500,86.552,86.427,0.0008,0.002,
27.01.2020 10:10:55.074 GMT-0500,86.552,86.438,0.002,0.002,
27.01.2020 10:10:55.782 GMT-0500,86.552,86.437,0.0008,0.0008,
27.01.2020 10:10:55.832 GMT-0500,86.552,86.407,0.0008,0.002,
27.01.2020 10:10:57.053 GMT-0500,86.553,86.517,0.0008,0.0008,
27.01.2020 10:10:57.104 GMT-0500,86.722,86.248,0.0008,0.0008,
27.01.2020 10:10:58.093 GMT-0500,86.723,86.247,0.002,0.002,
27.01.2020 10:10:58.263 GMT-0500,86.722,86.247,0.0008,0.002,
27.01.2020 10:10:59.709 GMT-0500,86.723,86.247,0.002,0.002,
27.01.2020 10:11:04.466 GMT-0500,86.713,86.257,0.0008,0.0008,
27.01.2020 10:11:04.567 GMT-0500,86.722,86.258,0.002,0.002,
27.01.2020 10:11:09.335 GMT-0500,86.713,86.267,0.0008,0.0008,
27.01.2020 10:11:09.556 GMT-0500,86.722,86.258,0.002,0.002,
27.01.2020 10:11:10.102 GMT-0500,86.632,86.258,0.0008,0.002,
27.01.2020 10:11:12.349 GMT-0500,86.633,86.257,0.002,0.002,
27.01.2020 10:11:12.558 GMT-0500,86.632,86.257,0.0008,0.002,
27.01.2020 10:11:14.461 GMT-0500,86.632,86.515,0.002,0.0008,
27.01.2020 10:11:15.354 GMT-0500,86.603,86.537,0.002,0.002,
27.01.2020 10:11:15.843 GMT-0500,86.603,86.567,0.0008,0.0008,
27.01.2020 10:11:15.893 GMT-0500,86.632,86.268,0.0008,0.0008,
27.01.2020 10:11:16.936 GMT-0500,86.632,86.268,0.0008,0.002,
27.01.2020 10:11:18.467 GMT-0500,86.613,86.277,0.002,0.002,
27.01.2020 10:11:18.820 GMT-0500,86.602,86.277,0.0008,0.002,
27.01.2020 10:11:18.871 GMT-0500,86.613,86.287,0.002,0.002,
27.01.2020 10:11:19.964 GMT-0500,86.612,86.288,0.002,0.002,
27.01.2020 10:11:21.019 GMT-0500,86.612,86.298,0.0008,0.0008,
27.01.2020 10:11:21.408 GMT-0500,86.613,86.277,0.002,0.002,
27.01.2020 10:11:21.458 GMT-0500,86.613,86.277,0.002,0.002,
27.01.2020 10:11:21.535 GMT-0500,86.632,86.568,0.0008,0.0008,
27.01.2020 10:11:21.586 GMT-0500,86.632,86.288,0.0008,0.0008,
27.01.2020 10:11:22.922 GMT-0500,86.633,86.297,0.002,0.0008,
27.01.2020 10:11:23.083 GMT-0500,86.632,86.287,0.0008,0.002,
27.01.2020 10:11:24.558 GMT-0500,86.633,86.287,0.002,0.0008,
27.01.2020 10:11:25.361 GMT-0500,86.633,86.277,0.002,0.002,
27.01.2020 10:11:25.472 GMT-0500,86.632,86.277,0.0008,0.002,
27.01.2020 10:11:32.617 GMT-0500,86.633,86.52,0.002,0.0008,
27.01.2020 10:11:33.231 GMT-0500,86.64,86.628,0.0008,0.0008,
27.01.2020 10:11:33.281 GMT-0500,86.752,86.628,0.002,0.002,
27.01.2020 10:11:33.475 GMT-0500,86.763,86.627,0.002,0.002,
27.01.2020 10:11:34.388 GMT-0500,86.763,86.637,0.002,0.0008,
27.01.2020 10:11:34.488 GMT-0500,86.762,86.627,0.0008,0.002,
27.01.2020 10:11:37.638 GMT-0500,86.762,86.647,0.0008,0.0008,
27.01.2020 10:11:39.143 GMT-0500,86.762,86.627,0.0008,0.002,
27.01.2020 10:11:39.507 GMT-0500,86.763,86.627,0.002,0.002,
27.01.2020 10:11:40.256 GMT-0500,86.763,86.667,0.002,0.0008,
27.01.2020 10:11:40.562 GMT-0500,86.762,86.668,0.0008,0.0008,
27.01.2020 10:11:42.132 GMT-0500,86.763,86.667,0.002,0.002,
27.01.2020 10:11:43.595 GMT-0500,86.762,86.668,0.0008,0.0008,
27.01.2020 10:11:43.719 GMT-0500,86.763,86.667,0.002,0.002,
27.01.2020 10:11:45.259 GMT-0500,86.778,86.718,0.0008,0.0008,
27.01.2020 10:11:45.310 GMT-0500,86.963,86.687,0.002,0.002,
27.01.2020 10:11:45.410 GMT-0500,87.012,86.688,0.002,0.002,
27.01.2020 10:11:45.819 GMT-0500,87.042,86.667,0.0008,0.002,
27.01.2020 10:11:46.287 GMT-0500,87.043,86.667,0.002,0.002,
27.01.2020 10:11:48.120 GMT-0500,87.043,86.727,0.002,0.002,
27.01.2020 10:11:58.751 GMT-0500,86.863,86.727,0.0008,0.002,
27.01.2020 10:12:16.082 GMT-0500,86.862,86.727,0.0008,0.002,
27.01.2020 10:12:18.238 GMT-0500,86.863,86.727,0.0008,0.002,
27.01.2020 10:12:18.289 GMT-0500,86.952,86.728,0.0008,0.0008,
27.01.2020 10:12:21.817 GMT-0500,86.953,86.727,0.002,0.002,
27.01.2020 10:12:22.049 GMT-0500,86.952,86.728,0.002,0.002,
27.01.2020 10:12:22.932 GMT-0500,86.943,86.757,0.0008,0.0008,
27.01.2020 10:12:23.033 GMT-0500,86.952,86.757,0.0008,0.002,
27.01.2020 10:12:23.282 GMT-0500,86.953,86.737,0.002,0.002,
27.01.2020 10:12:23.676 GMT-0500,86.823,86.737,0.0008,0.002,
27.01.2020 10:12:24.079 GMT-0500,86.822,86.738,0.0008,0.0008,
27.01.2020 10:12:24.181 GMT-0500,86.823,86.627,0.002,0.002,
27.01.2020 10:12:24.281 GMT-0500,86.802,86.638,0.0008,0.0008,
27.01.2020 10:12:24.332 GMT-0500,86.823,86.637,0.002,0.002,
27.01.2020 10:12:24.498 GMT-0500,86.822,86.637,0.0008,0.002,
27.01.2020 10:12:25.104 GMT-0500,86.822,86.648,0.002,0.0008,
27.01.2020 10:12:25.205 GMT-0500,86.822,86.628,0.002,0.002,
27.01.2020 10:12:26.875 GMT-0500,86.823,86.627,0.002,0.002,
27.01.2020 10:12:26.975 GMT-0500,86.813,86.627,0.002,0.002,
27.01.2020 10:12:27.415 GMT-0500,86.812,86.638,0.0008,0.0008,
27.01.2020 10:12:27.679 GMT-0500,86.812,86.628,0.002,0.002,
27.01.2020 10:12:38.046 GMT-0500,86.802,86.628,0.0008,0.002,
27.01.2020 10:12:38.477 GMT-0500,86.802,86.752,0.0008,0.0008,
27.01.2020 10:12:38.527 GMT-0500,86.853,86.777,0.002,0.002,
27.01.2020 10:12:39.330 GMT-0500,86.852,86.777,0.0008,0.0008,
27.01.2020 10:12:39.433 GMT-0500,86.852,86.767,0.0008,0.002,
27.01.2020 10:12:40.683 GMT-0500,86.853,86.637,0.002,0.002,
27.01.2020 10:12:41.499 GMT-0500,86.852,86.628,0.0008,0.002,
27.01.2020 10:12:43.397 GMT-0500,86.852,86.758,0.0008,0.0008,
27.01.2020 10:12:46.991 GMT-0500,86.942,86.828,0.0008,0.0008,
27.01.2020 10:12:47.996 GMT-0500,86.952,86.818,0.0008,0.0008,
27.01.2020 10:12:49.969 GMT-0500,86.953,86.817,0.002,0.002,
27.01.2020 10:12:50.342 GMT-0500,86.883,86.817,0.0008,0.002,
27.01.2020 10:12:59.508 GMT-0500,86.915,86.858,0.0008,0.0008,
27.01.2020 10:12:59.558 GMT-0500,87.102,86.858,0.002,0.002,
27.01.2020 10:13:01.131 GMT-0500,87.103,86.857,0.002,0.002,
27.01.2020 10:13:01.851 GMT-0500,87.012,86.858,0.0008,0.0008,
27.01.2020 10:13:02.099 GMT-0500,87.002,86.858,0.002,0.002,
27.01.2020 10:13:02.305 GMT-0500,87.013,86.857,0.002,0.002,
27.01.2020 10:13:02.857 GMT-0500,87.012,86.858,0.0008,0.0008,
27.01.2020 10:13:03.932 GMT-0500,87.012,86.548,0.002,0.002,
27.01.2020 10:13:03.983 GMT-0500,87.013,86.857,0.002,0.002,
27.01.2020 10:13:04.960 GMT-0500,87.012,86.858,0.0008,0.0008,
27.01.2020 10:13:06.282 GMT-0500,87.012,86.858,0.0008,0.002,
27.01.2020 10:13:12.616 GMT-0500,87.013,86.897,0.002,0.002,
27.01.2020 10:13:14.236 GMT-0500,87.012,86.898,0.002,0.002,
27.01.2020 10:13:16.185 GMT-0500,87.013,86.897,0.002,0.002,
27.01.2020 10:13:16.310 GMT-0500,87.002,86.898,0.0008,0.0008,
27.01.2020 10:13:17.211 GMT-0500,87.003,86.897,0.002,0.002,
27.01.2020 10:13:17.707 GMT-0500,87.013,86.897,0.002,0.002,
27.01.2020 10:13:17.988 GMT-0500,86.993,86.897,0.0008,0.002,
27.01.2020 10:13:20.131 GMT-0500,86.992,86.898,0.0008,0.0008,
27.01.2020 10:13:22.169 GMT-0500,86.973,86.898,0.0008,0.0008,
27.01.2020 10:13:22.646 GMT-0500,86.972,86.898,0.0008,0.0008,
27.01.2020 10:13:23.225 GMT-0500,86.922,86.84,0.0008,0.0008,
27.01.2020 10:13:23.276 GMT-0500,86.972,86.577,0.0008,0.002,
27.01.2020 10:13:23.981 GMT-0500,86.972,86.908,0.0008,0.0008,
27.01.2020 10:13:24.254 GMT-0500,86.973,86.587,0.002,0.002,
27.01.2020 10:13:24.305 GMT-0500,86.973,86.587,0.002,0.002,
27.01.2020 10:13:29.450 GMT-0500,86.973,86.86,0.002,0.0008,
27.01.2020 10:13:31.165 GMT-0500,86.952,86.588,0.0008,0.002,
27.01.2020 10:13:31.215 GMT-0500,86.952,86.588,0.0008,0.0008,
27.01.2020 10:13:32.756 GMT-0500,86.952,86.598,0.0008,0.0008,
27.01.2020 10:13:38.424 GMT-0500,86.952,86.608,0.0008,0.0008,
27.01.2020 10:13:39.649 GMT-0500,86.952,86.618,0.0008,0.0008,
27.01.2020 10:13:41.049 GMT-0500,86.952,86.628,0.002,0.0008,
27.01.2020 10:13:41.474 GMT-0500,86.953,86.617,0.002,0.002,
27.01.2020 10:13:46.115 GMT-0500,86.952,86.617,0.0008,0.002,
27.01.2020 10:13:46.165 GMT-0500,87.172,86.948,0.002,0.002,
27.01.2020 10:13:46.374 GMT-0500,87.053,86.947,0.0008,0.002,
27.01.2020 10:13:47.634 GMT-0500,87.052,86.947,0.0008,0.0008,
27.01.2020 10:13:47.685 GMT-0500,87.052,86.917,0.0008,0.002,
27.01.2020 10:13:49.644 GMT-0500,87.043,86.937,0.0008,0.0008,
27.01.2020 10:13:49.745 GMT-0500,87.052,86.938,0.002,0.002,
27.01.2020 10:13:52.128 GMT-0500,87.013,86.937,0.0008,0.002,
27.01.2020 10:13:52.559 GMT-0500,87.012,86.948,0.0008,0.0008,
27.01.2020 10:13:52.660 GMT-0500,87.012,86.958,0.0008,0.0008,
27.01.2020 10:13:52.821 GMT-0500,87.012,86.958,0.002,0.002,
27.01.2020 10:13:53.064 GMT-0500,87.03,87.008,0.0008,0.0008,
27.01.2020 10:13:53.115 GMT-0500,87.132,87.017,0.0008,0.002,
27.01.2020 10:13:54.605 GMT-0500,87.062,87.017,0.0008,0.0008,
27.01.2020 10:13:54.658 GMT-0500,87.062,86.957,0.0008,0.002,
27.01.2020 10:13:55.629 GMT-0500,87.062,86.677,0.0008,0.002,
27.01.2020 10:13:56.669 GMT-0500,87.062,86.688,0.002,0.002,
27.01.2020 10:13:56.899 GMT-0500,87.062,86.678,0.0008,0.0008,
27.01.2020 10:13:57.159 GMT-0500,87.162,86.678,0.002,0.002,
27.01.2020 10:13:57.209 GMT-0500,87.162,86.967,0.0008,0.0008,
27.01.2020 10:13:57.499 GMT-0500,87.162,86.677,0.0008,0.002,
27.01.2020 10:13:57.853 GMT-0500,87.233,86.877,0.002,0.002,
27.01.2020 10:13:58.118 GMT-0500,87.233,86.877,0.0008,0.002,
27.01.2020 10:13:58.169 GMT-0500,87.242,86.877,0.0008,0.002,
27.01.2020 10:14:00.841 GMT-0500,87.163,86.877,0.0008,0.0008,
27.01.2020 10:14:00.892 GMT-0500,87.163,86.867,0.002,0.002,
27.01.2020 10:14:03.940 GMT-0500,87.162,86.998,0.0008,0.0008,
27.01.2020 10:14:11.013 GMT-0500,87.142,86.998,0.0008,0.002,
27.01.2020 10:14:13.822 GMT-0500,87.123,86.997,0.0008,0.002,
27.01.2020 10:14:15.684 GMT-0500,87.052,86.997,0.0008,0.0008,
27.01.2020 10:14:15.735 GMT-0500,87.052,86.867,0.0008,0.002,
27.01.2020 10:14:15.785 GMT-0500,87.032,86.868,0.002,0.002,
27.01.2020 10:14:18.670 GMT-0500,86.993,86.867,0.0008,0.002,
27.01.2020 10:14:22.212 GMT-0500,86.993,86.867,0.002,0.002,
27.01.2020 10:14:33.973 GMT-0500,86.992,86.888,0.0008,0.0008,
27.01.2020 10:14:39.228 GMT-0500,86.993,86.887,0.002,0.002,
27.01.2020 10:14:40.675 GMT-0500,86.983,86.887,0.0008,0.002,
27.01.2020 10:14:41.244 GMT-0500,86.973,86.887,0.0008,0.002,
27.01.2020 10:14:43.272 GMT-0500,87.013,86.887,0.0008,0.002,
27.01.2020 10:14:43.323 GMT-0500,87.232,86.958,0.002,0.002,
27.01.2020 10:14:43.729 GMT-0500,87.242,86.948,0.002,0.002,
27.01.2020 10:14:43.950 GMT-0500,87.242,86.918,0.002,0.002,
27.01.2020 10:14:44.959 GMT-0500,87.242,86.897,0.0008,0.002,
27.01.2020 10:14:46.279 GMT-0500,87.242,86.888,0.0008,0.002,
27.01.2020 10:14:50.873 GMT-0500,87.233,86.897,0.0008,0.0008,
27.01.2020 10:14:50.924 GMT-0500,87.232,86.888,0.002,0.002,
27.01.2020 10:14:54.982 GMT-0500,87.232,86.897,0.0008,0.0008,
27.01.2020 10:14:55.083 GMT-0500,87.232,86.898,0.0008,0.0008,
27.01.2020 10:14:56.350 GMT-0500,87.232,86.888,0.0008,0.002,
27.01.2020 10:14:56.400 GMT-0500,87.232,86.888,0.002,0.002,
27.01.2020 10:14:56.555 GMT-0500,87.242,86.887,0.0008,0.002,
27.01.2020 10:14:56.894 GMT-0500,87.152,86.897,0.0008,0.002,
27.01.2020 10:14:56.944 GMT-0500,87.233,86.887,0.002,0.002,
27.01.2020 10:14:56.994 GMT-0500,87.153,87.017,0.002,0.002,
27.01.2020 10:14:57.045 GMT-0500,87.302,87.037,0.0008,0.002,
27.01.2020 10:14:57.230 GMT-0500,87.302,87.057,0.0008,0.0008,
27.01.2020 10:14:57.280 GMT-0500,87.302,87.027,0.0008,0.002,
27.01.2020 10:14:57.340 GMT-0500,87.302,87.037,0.0008,0.0008,
27.01.2020 10:14:57.391 GMT-0500,87.303,87.027,0.002,0.002,
27.01.2020 10:14:57.604 GMT-0500,87.302,87.038,0.0008,0.0008,
27.01.2020 10:14:57.655 GMT-0500,87.303,87.027,0.002,0.002,
27.01.2020 10:14:57.955 GMT-0500,87.302,87.057,0.0008,0.002,
27.01.2020 10:14:59.430 GMT-0500,87.303,87.027,0.002,0.002,
27.01.2020 10:15:00.017 GMT-0500,87.302,86.868,0.002,0.002,
27.01.2020 10:15:01.973 GMT-0500,87.302,86.868,0.002,0.002,
27.01.2020 10:15:03.394 GMT-0500,87.303,87.067,0.002,0.002,
27.01.2020 10:15:04.193 GMT-0500,87.302,86.868,0.002,0.002,
27.01.2020 10:15:09.738 GMT-0500,87.102,87.008,0.0008,0.0008,
27.01.2020 10:15:16.173 GMT-0500,87.082,87.008,0.0008,0.0008,
27.01.2020 10:15:24.035 GMT-0500,87.082,86.878,0.0008,0.0008,
27.01.2020 10:15:24.151 GMT-0500,87.083,86.867,0.002,0.002,
27.01.2020 10:15:25.005 GMT-0500,87.082,86.878,0.0008,0.0008,
27.01.2020 10:15:25.168 GMT-0500,87.082,86.867,0.0008,0.002,
27.01.2020 10:15:25.288 GMT-0500,87.082,87.008,0.002,0.0008,
27.01.2020 10:15:28.173 GMT-0500,87.082,87.048,0.0008,0.0008,
27.01.2020 10:15:28.223 GMT-0500,87.132,87.017,0.0008,0.002,
27.01.2020 10:15:28.814 GMT-0500,87.092,87.018,0.0008,0.002,
27.01.2020 10:15:29.953 GMT-0500,87.082,87.058,0.0008,0.0008,
27.01.2020 10:15:30.003 GMT-0500,87.072,86.878,0.002,0.002,
27.01.2020 10:15:30.209 GMT-0500,87.072,86.868,0.0008,0.002,
27.01.2020 10:15:30.260 GMT-0500,87.072,86.868,0.002,0.002,
27.01.2020 10:15:32.565 GMT-0500,87.063,86.868,0.0008,0.002,
27.01.2020 10:15:32.615 GMT-0500,87.062,86.868,0.002,0.002,
27.01.2020 10:15:35.727 GMT-0500,87.053,86.867,0.0008,0.002,
27.01.2020 10:15:36.182 GMT-0500,87.052,86.867,0.0008,0.002,
27.01.2020 10:15:36.232 GMT-0500,87.053,86.867,0.002,0.002,
27.01.2020 10:15:41.094 GMT-0500,87.052,86.877,0.0008,0.002,
27.01.2020 10:15:41.361 GMT-0500,87.052,86.868,0.0008,0.0008,
27.01.2020 10:15:41.763 GMT-0500,87.053,86.877,0.002,0.0008,
27.01.2020 10:15:41.906 GMT-0500,87.052,86.867,0.0008,0.002,
27.01.2020 10:15:41.956 GMT-0500,87.053,86.867,0.002,0.002,
27.01.2020 10:15:42.759 GMT-0500,87.053,86.992,0.002,0.0008,
27.01.2020 10:15:53.255 GMT-0500,87.09,86.997,0.0008,0.002,
27.01.2020 10:15:53.305 GMT-0500,87.133,87.007,0.002,0.002,
27.01.2020 10:15:53.683 GMT-0500,87.048,87.008,0.0008,0.0008,
27.01.2020 10:15:53.885 GMT-0500,87.092,87.008,0.0008,0.0008,
27.01.2020 10:15:54.549 GMT-0500,87.092,86.878,0.0008,0.002,
27.01.2020 10:15:54.779 GMT-0500,87.092,86.878,0.0008,0.0008,
27.01.2020 10:15:55.486 GMT-0500,87.053,86.877,0.0008,0.002,
27.01.2020 10:15:55.804 GMT-0500,87.052,86.878,0.0008,0.0008,
27.01.2020 10:15:55.950 GMT-0500,87.053,86.867,0.002,0.002,
27.01.2020 10:15:56.000 GMT-0500,87.053,86.867,0.002,0.002,
27.01.2020 10:15:57.402 GMT-0500,87.052,86.867,0.0008,0.002,
27.01.2020 10:16:04.986 GMT-0500,87.043,86.868,0.0008,0.002,
27.01.2020 10:16:05.108 GMT-0500,87.042,86.878,0.0008,0.002,
27.01.2020 10:16:05.158 GMT-0500,87.052,86.877,0.0008,0.002,
27.01.2020 10:16:06.353 GMT-0500,87.052,86.868,0.0008,0.002,
27.01.2020 10:16:06.404 GMT-0500,87.052,86.868,0.0008,0.0008,
27.01.2020 10:16:10.054 GMT-0500,87.052,86.878,0.0008,0.0008,
27.01.2020 10:16:11.079 GMT-0500,87.052,87.007,0.0008,0.002,
27.01.2020 10:16:11.129 GMT-0500,87.052,86.878,0.002,0.002,
27.01.2020 10:16:11.772 GMT-0500,87.052,86.888,0.0008,0.0008,
27.01.2020 10:16:11.950 GMT-0500,87.053,86.877,0.002,0.002,
27.01.2020 10:16:13.136 GMT-0500,87.052,86.867,0.0008,0.002,
27.01.2020 10:16:13.434 GMT-0500,87.052,86.877,0.0008,0.0008,
27.01.2020 10:16:13.802 GMT-0500,87.052,86.867,0.0008,0.002,
27.01.2020 10:16:19.201 GMT-0500,87.052,86.877,0.0008,0.0008,
27.01.2020 10:16:19.421 GMT-0500,87.052,86.868,0.0008,0.0008,
27.01.2020 10:16:19.753 GMT-0500,87.052,86.868,0.002,0.002,
27.01.2020 10:16:22.494 GMT-0500,87.052,86.997,0.0008,0.0008,
27.01.2020 10:16:23.580 GMT-0500,87.053,86.997,0.002,0.0008,
27.01.2020 10:16:23.630 GMT-0500,87.052,86.938,0.002,0.002,
27.01.2020 10:16:23.680 GMT-0500,87.033,86.937,0.002,0.002,
27.01.2020 10:16:24.772 GMT-0500,87.033,86.948,0.0008,0.0008,
27.01.2020 10:16:24.823 GMT-0500,87.042,86.948,0.0008,0.0008,
27.01.2020 10:16:25.911 GMT-0500,87.032,86.948,0.0008,0.0008,
27.01.2020 10:16:34.073 GMT-0500,87.032,86.868,0.0008,0.002,
27.01.2020 10:16:34.123 GMT-0500,87.022,86.737,0.0008,0.002,
27.01.2020 10:16:34.790 GMT-0500,87.022,86.848,0.0008,0.0008,
27.01.2020 10:16:35.052 GMT-0500,87.022,86.858,0.0008,0.0008,
27.01.2020 10:16:36.122 GMT-0500,87.022,86.888,0.002,0.0008,
27.01.2020 10:16:36.442 GMT-0500,87.023,86.847,0.002,0.002,
27.01.2020 10:16:38.518 GMT-0500,87.022,86.858,0.0008,0.0008,
27.01.2020 10:16:38.634 GMT-0500,87.022,86.848,0.0008,0.002,
27.01.2020 10:16:38.684 GMT-0500,87.022,86.848,0.002,0.002,
27.01.2020 10:16:40.412 GMT-0500,87.022,86.857,0.0008,0.002,
27.01.2020 10:16:40.701 GMT-0500,87.022,86.878,0.002,0.0008,
27.01.2020 10:16:42.499 GMT-0500,86.973,86.847,0.0008,0.002,
27.01.2020 10:16:42.550 GMT-0500,86.972,86.847,0.0008,0.002,
27.01.2020 10:16:43.048 GMT-0500,86.973,86.737,0.002,0.002,
27.01.2020 10:16:43.749 GMT-0500,86.972,86.828,0.0008,0.0008,
27.01.2020 10:16:47.783 GMT-0500,87.003,86.827,0.002,0.002,
27.01.2020 10:16:49.564 GMT-0500,87.002,86.838,0.0008,0.0008,
27.01.2020 10:16:50.917 GMT-0500,87.002,86.937,0.0008,0.0008,
27.01.2020 10:16:51.018 GMT-0500,87.052,86.958,0.002,0.002,
27.01.2020 10:16:51.463 GMT-0500,87.052,86.958,0.002,0.002,
27.01.2020 10:16:57.249 GMT-0500,87.033,86.977,0.0008,0.002,
27.01.2020 10:16:58.171 GMT-0500,87.032,86.918,0.0008,0.002,
27.01.2020 10:16:58.224 GMT-0500,87.032,86.918,0.0008,0.0008,
27.01.2020 10:17:00.627 GMT-0500,87.032,86.918,0.002,0.002,
27.01.2020 10:17:05.348 GMT-0500,87.023,86.937,0.0008,0.002,
27.01.2020 10:17:08.955 GMT-0500,87.023,86.907,0.002,0.002,
27.01.2020 10:17:09.212 GMT-0500,87.022,86.907,0.0008,0.002,
27.01.2020 10:17:22.249 GMT-0500,87.022,86.828,0.0008,0.0008,
27.01.2020 10:17:22.546 GMT-0500,87.023,86.827,0.002,0.002,
27.01.2020 10:17:22.667 GMT-0500,87.022,86.838,0.002,0.002,
27.01.2020 10:17:22.773 GMT-0500,87.032,86.828,0.002,0.002,
27.01.2020 10:17:23.257 GMT-0500,87.023,86.857,0.0008,0.0008,
27.01.2020 10:17:24.225 GMT-0500,87.022,86.827,0.0008,0.002,
27.01.2020 10:17:24.275 GMT-0500,87.023,86.827,0.002,0.002,
27.01.2020 10:17:25.486 GMT-0500,87.032,86.827,0.0008,0.002,
27.01.2020 10:17:29.122 GMT-0500,87.032,86.927,0.0008,0.0008,
27.01.2020 10:17:32.256 GMT-0500,87.032,86.927,0.0008,0.002,
27.01.2020 10:17:33.747 GMT-0500,87.032,87.007,0.0008,0.0008,
27.01.2020 10:17:33.797 GMT-0500,87.083,86.987,0.002,0.002,
27.01.2020 10:17:34.162 GMT-0500,87.083,86.988,0.0008,0.0008,
27.01.2020 10:17:34.213 GMT-0500,87.202,86.967,0.0008,0.002,
27.01.2020 10:17:36.747 GMT-0500,87.153,86.927,0.002,0.002,
27.01.2020 10:17:36.797 GMT-0500,87.202,86.928,0.0008,0.0008,
27.01.2020 10:17:36.916 GMT-0500,87.202,86.928,0.0008,0.002,
27.01.2020 10:17:36.968 GMT-0500,87.202,86.928,0.002,0.002,
27.01.2020 10:17:37.495 GMT-0500,87.203,86.927,0.002,0.002,
27.01.2020 10:17:39.936 GMT-0500,87.152,86.927,0.0008,0.002,
27.01.2020 10:17:39.986 GMT-0500,87.202,86.928,0.0008,0.0008,
27.01.2020 10:17:40.717 GMT-0500,87.203,87.027,0.002,0.0008,
27.01.2020 10:17:52.041 GMT-0500,87.193,87.067,0.0008,0.0008,
27.01.2020 10:17:52.091 GMT-0500,87.202,87.068,0.002,0.002,
27.01.2020 10:17:52.175 GMT-0500,87.313,87.107,0.002,0.002,
27.01.2020 10:17:52.225 GMT-0500,87.242,87.108,0.0008,0.0008,
27.01.2020 10:17:52.540 GMT-0500,87.242,87.058,0.002,0.002,
27.01.2020 10:17:52.620 GMT-0500,87.312,87.058,0.002,0.002,
27.01.2020 10:17:52.781 GMT-0500,87.263,87.057,0.0008,0.002,
27.01.2020 10:17:53.057 GMT-0500,87.263,87.057,0.002,0.002,
27.01.2020 10:17:53.368 GMT-0500,87.262,87.057,0.0008,0.002,
27.01.2020 10:17:54.035 GMT-0500,87.263,87.057,0.002,0.002,
27.01.2020 10:17:55.057 GMT-0500,87.262,86.987,0.0008,0.002,
27.01.2020 10:17:57.487 GMT-0500,87.213,86.987,0.0008,0.002,
27.01.2020 10:18:02.688 GMT-0500,87.212,86.998,0.0008,0.0008,
27.01.2020 10:18:02.940 GMT-0500,87.212,86.988,0.0008,0.002,
27.01.2020 10:18:02.990 GMT-0500,87.212,86.988,0.0008,0.0008,
27.01.2020 10:18:03.139 GMT-0500,87.213,86.987,0.002,0.002,
27.01.2020 10:18:13.712 GMT-0500,87.212,87.038,0.0008,0.0008,
27.01.2020 10:18:15.254 GMT-0500,87.212,87.048,0.0008,0.0008,
27.01.2020 10:18:16.737 GMT-0500,87.212,87.048,0.0008,0.002,
27.01.2020 10:18:19.256 GMT-0500,87.212,87.068,0.002,0.002,
27.01.2020 10:18:22.958 GMT-0500,87.152,87.068,0.0008,0.002,
27.01.2020 10:18:23.009 GMT-0500,87.213,87.067,0.002,0.002,
27.01.2020 10:18:23.109 GMT-0500,87.182,86.997,0.0008,0.002,
27.01.2020 10:18:23.373 GMT-0500,87.172,86.988,0.0008,0.0008,
27.01.2020 10:18:33.895 GMT-0500,87.173,86.907,0.002,0.002,
27.01.2020 10:18:35.589 GMT-0500,87.152,86.908,0.0008,0.0008,
27.01.2020 10:18:36.174 GMT-0500,87.152,86.918,0.0008,0.0008,
27.01.2020 10:18:36.279 GMT-0500,87.152,86.907,0.0008,0.002,
27.01.2020 10:18:42.047 GMT-0500,87.153,86.907,0.002,0.002,
27.01.2020 10:18:44.094 GMT-0500,87.132,86.988,0.0008,0.002,
27.01.2020 10:18:44.952 GMT-0500,87.133,86.987,0.002,0.002,
27.01.2020 10:18:45.243 GMT-0500,87.132,86.907,0.0008,0.002,
27.01.2020 10:18:49.106 GMT-0500,87.132,86.988,0.0008,0.0008,
27.01.2020 10:18:51.954 GMT-0500,87.082,86.988,0.0008,0.0008,
27.01.2020 10:18:52.004 GMT-0500,87.082,86.918,0.002,0.002,
27.01.2020 10:18:52.055 GMT-0500,87.122,86.928,0.0008,0.0008,
27.01.2020 10:18:52.195 GMT-0500,87.122,86.907,0.0008,0.002,
27.01.2020 10:18:53.259 GMT-0500,87.053,86.907,0.0008,0.0008,
27.01.2020 10:18:53.310 GMT-0500,87.053,86.887,0.002,0.002,
27.01.2020 10:18:54.783 GMT-0500,87.053,86.887,0.002,0.002,
27.01.2020 10:18:55.096 GMT-0500,87.092,86.927,0.0008,0.002,
27.01.2020 10:18:55.690 GMT-0500,87.102,86.928,0.002,0.002,
27.01.2020 10:18:56.061 GMT-0500,87.093,86.927,0.0008,0.002,
27.01.2020 10:18:56.317 GMT-0500,87.092,86.928,0.002,0.002,
27.01.2020 10:18:57.036 GMT-0500,87.102,86.888,0.002,0.002,
27.01.2020 10:18:57.270 GMT-0500,87.102,86.878,0.002,0.002,
27.01.2020 10:18:57.523 GMT-0500,87.102,86.958,0.002,0.0008,
27.01.2020 10:19:03.041 GMT-0500,87.092,86.958,0.0008,0.0008,
27.01.2020 10:19:03.415 GMT-0500,87.093,86.957,0.0008,0.002,
27.01.2020 10:19:03.465 GMT-0500,87.103,86.957,0.002,0.002,
27.01.2020 10:19:12.617 GMT-0500,87.102,86.957,0.0008,0.002,
27.01.2020 10:19:13.601 GMT-0500,87.102,86.958,0.0008,0.0008,
27.01.2020 10:19:16.697 GMT-0500,87.053,86.957,0.0008,0.002,
27.01.2020 10:19:29.005 GMT-0500,87.052,86.877,0.0008,0.002,
27.01.2020 10:19:29.055 GMT-0500,87.052,86.877,0.0008,0.002,
27.01.2020 10:19:31.324 GMT-0500,87.043,86.877,0.0008,0.002,
27.01.2020 10:19:31.466 GMT-0500,87.052,86.878,0.0008,0.0008,
27.01.2020 10:19:35.871 GMT-0500,87.052,86.887,0.0008,0.002,
27.01.2020 10:19:35.922 GMT-0500,87.053,86.877,0.002,0.002,
27.01.2020 10:19:46.254 GMT-0500,87.052,86.877,0.0008,0.002,
27.01.2020 10:19:46.355 GMT-0500,87.052,86.878,0.002,0.002,
27.01.2020 10:19:47.149 GMT-0500,87.052,86.887,0.0008,0.002,
27.01.2020 10:19:47.199 GMT-0500,87.052,86.878,0.0008,0.0008,
27.01.2020 10:19:48.131 GMT-0500,87.052,86.878,0.002,0.002,
27.01.2020 10:19:56.338 GMT-0500,87.032,86.947,0.0008,0.002,
27.01.2020 10:19:58.696 GMT-0500,87.033,86.947,0.0008,0.002,
27.01.2020 10:19:58.747 GMT-0500,87.052,86.947,0.0008,0.002,
27.01.2020 10:20:10.210 GMT-0500,87.032,86.948,0.0008,0.0008,
27.01.2020 10:20:12.152 GMT-0500,87.022,86.948,0.0008,0.0008,
27.01.2020 10:20:15.552 GMT-0500,87.032,86.948,0.002,0.002,
27.01.2020 10:20:23.328 GMT-0500,87.013,86.947,0.0008,0.002,
27.01.2020 10:20:29.501 GMT-0500,86.992,86.947,0.0008,0.002,
27.01.2020 10:20:33.352 GMT-0500,87.002,86.957,0.0008,0.002,
27.01.2020 10:20:50.264 GMT-0500,86.993,86.957,0.0008,0.002,
27.01.2020 10:20:58.780 GMT-0500,86.992,86.887,0.0008,0.002,
27.01.2020 10:20:58.831 GMT-0500,86.993,86.887,0.002,0.002,
27.01.2020 10:20:59.031 GMT-0500,86.992,86.877,0.0008,0.002,
27.01.2020 10:21:02.259 GMT-0500,86.982,86.877,0.0008,0.0008,
27.01.2020 10:21:02.313 GMT-0500,86.982,86.858,0.002,0.002,
27.01.2020 10:21:03.095 GMT-0500,86.992,86.857,0.0008,0.002,
27.01.2020 10:21:05.196 GMT-0500,86.953,86.857,0.0008,0.002,
27.01.2020 10:21:32.739 GMT-0500,86.923,86.727,0.0008,0.002,
27.01.2020 10:21:32.789 GMT-0500,86.922,86.727,0.0008,0.002,
27.01.2020 10:21:33.354 GMT-0500,86.923,86.727,0.002,0.002,
27.01.2020 10:21:36.613 GMT-0500,86.923,86.737,0.002,0.0008,
27.01.2020 10:21:36.823 GMT-0500,86.922,86.737,0.0008,0.002,
27.01.2020 10:21:37.022 GMT-0500,86.923,86.737,0.002,0.002,
27.01.2020 10:21:37.072 GMT-0500,86.923,86.727,0.002,0.002,
27.01.2020 10:21:38.835 GMT-0500,86.923,86.727,0.002,0.002,
27.01.2020 10:21:38.935 GMT-0500,86.922,86.728,0.002,0.002,
27.01.2020 10:21:40.348 GMT-0500,86.922,86.728,0.0008,0.002,
27.01.2020 10:21:40.449 GMT-0500,86.922,86.727,0.0008,0.002,
27.01.2020 10:21:42.698 GMT-0500,86.893,86.728,0.0008,0.0008,
27.01.2020 10:21:47.028 GMT-0500,86.892,86.728,0.0008,0.0008,
27.01.2020 10:21:48.764 GMT-0500,86.892,86.767,0.0008,0.0008,
27.01.2020 10:21:48.959 GMT-0500,86.892,86.777,0.0008,0.0008,
27.01.2020 10:21:50.047 GMT-0500,86.823,86.677,0.0008,0.002,
27.01.2020 10:21:50.097 GMT-0500,86.822,86.658,0.0008,0.0008,
27.01.2020 10:21:51.147 GMT-0500,86.823,86.677,0.002,0.0008,
27.01.2020 10:21:51.331 GMT-0500,86.822,86.657,0.0008,0.002,
27.01.2020 10:21:51.382 GMT-0500,86.823,86.657,0.002,0.002,
27.01.2020 10:21:52.268 GMT-0500,86.822,86.698,0.0008,0.0008,
27.01.2020 10:21:53.447 GMT-0500,86.822,86.658,0.0008,0.002,
27.01.2020 10:21:53.497 GMT-0500,86.822,86.658,0.002,0.002,
27.01.2020 10:21:53.655 GMT-0500,86.822,86.667,0.0008,0.0008,
27.01.2020 10:21:53.705 GMT-0500,86.822,86.658,0.0008,0.0008,
27.01.2020 10:21:54.950 GMT-0500,86.823,86.677,0.002,0.0008,
27.01.2020 10:21:55.132 GMT-0500,86.822,86.697,0.0008,0.0008,
27.01.2020 10:21:55.183 GMT-0500,86.822,86.657,0.0008,0.002,
27.01.2020 10:21:57.272 GMT-0500,86.822,86.717,0.0008,0.0008,
27.01.2020 10:22:00.544 GMT-0500,86.812,86.698,0.0008,0.002,
27.01.2020 10:22:00.594 GMT-0500,86.812,86.658,0.0008,0.0008,
27.01.2020 10:22:00.803 GMT-0500,86.812,86.658,0.002,0.002,
27.01.2020 10:22:07.513 GMT-0500,86.813,86.687,0.002,0.0008,
27.01.2020 10:22:07.563 GMT-0500,86.812,86.678,0.0008,0.0008,
27.01.2020 10:22:07.727 GMT-0500,86.813,86.657,0.002,0.002,
27.01.2020 10:22:14.133 GMT-0500,86.813,86.707,0.0008,0.0008,
27.01.2020 10:22:14.183 GMT-0500,86.883,86.707,0.002,0.002,
27.01.2020 10:22:22.051 GMT-0500,86.883,86.707,0.002,0.002,
27.01.2020 10:22:22.101 GMT-0500,86.882,86.717,0.0008,0.002,
27.01.2020 10:22:22.558 GMT-0500,86.883,86.717,0.002,0.0008,
27.01.2020 10:22:22.609 GMT-0500,86.882,86.658,0.0008,0.0008,
27.01.2020 10:22:23.314 GMT-0500,86.872,86.708,0.0008,0.0008,
27.01.2020 10:22:23.606 GMT-0500,86.873,86.707,0.0008,0.002,
27.01.2020 10:22:23.656 GMT-0500,86.883,86.707,0.002,0.002,
27.01.2020 10:22:29.232 GMT-0500,86.873,86.707,0.0008,0.002,
27.01.2020 10:22:29.402 GMT-0500,86.873,86.707,0.0008,0.002,
27.01.2020 10:22:29.453 GMT-0500,86.882,86.707,0.0008,0.002,
27.01.2020 10:22:32.498 GMT-0500,86.873,86.707,0.0008,0.002,
27.01.2020 10:22:32.677 GMT-0500,86.882,86.707,0.0008,0.002,
27.01.2020 10:22:33.328 GMT-0500,86.802,86.698,0.0008,0.002,
27.01.2020 10:22:33.378 GMT-0500,86.802,86.698,0.0008,0.0008,
27.01.2020 10:22:41.320 GMT-0500,86.802,86.698,0.0008,0.002,
27.01.2020 10:22:41.598 GMT-0500,86.803,86.657,0.002,0.002,
27.01.2020 10:22:41.649 GMT-0500,86.803,86.657,0.002,0.002,
27.01.2020 10:22:42.214 GMT-0500,86.802,86.707,0.0008,0.002,
27.01.2020 10:22:45.548 GMT-0500,86.803,86.707,0.002,0.002,
27.01.2020 10:22:47.553 GMT-0500,86.802,86.678,0.0008,0.002,
27.01.2020 10:22:47.603 GMT-0500,86.802,86.678,0.0008,0.0008,
27.01.2020 10:22:47.654 GMT-0500,86.802,86.698,0.002,0.002,
27.01.2020 10:22:48.203 GMT-0500,86.803,86.677,0.002,0.002,
27.01.2020 10:22:54.827 GMT-0500,86.802,86.658,0.002,0.002,
27.01.2020 10:22:56.065 GMT-0500,86.803,86.657,0.002,0.002,
27.01.2020 10:22:56.310 GMT-0500,86.803,86.707,0.002,0.0008,
27.01.2020 10:22:56.530 GMT-0500,86.803,86.717,0.002,0.0008,
27.01.2020 10:22:57.468 GMT-0500,86.802,86.777,0.0008,0.0008,
27.01.2020 10:22:57.519 GMT-0500,86.892,86.797,0.0008,0.002,
27.01.2020 10:22:57.569 GMT-0500,86.873,86.787,0.002,0.002,
27.01.2020 10:22:57.619 GMT-0500,86.883,86.787,0.002,0.002,
27.01.2020 10:22:58.985 GMT-0500,86.882,86.748,0.0008,0.002,
27.01.2020 10:22:59.036 GMT-0500,86.882,86.748,0.002,0.002,
27.01.2020 10:22:59.306 GMT-0500,86.882,86.768,0.002,0.0008,
27.01.2020 10:22:59.535 GMT-0500,86.882,86.748,0.0008,0.002,
27.01.2020 10:22:59.586 GMT-0500,86.882,86.748,0.002,0.002,
27.01.2020 10:22:59.737 GMT-0500,86.882,86.737,0.0008,0.002,
27.01.2020 10:23:00.526 GMT-0500,86.882,86.768,0.002,0.0008,
27.01.2020 10:23:02.004 GMT-0500,86.882,86.768,0.002,0.002,
27.01.2020 10:23:02.527 GMT-0500,86.883,86.767,0.002,0.002,
27.01.2020 10:23:12.019 GMT-0500,86.883,86.797,0.002,0.002,
27.01.2020 10:23:16.041 GMT-0500,86.872,86.768,0.0008,0.002,
27.01.2020 10:23:16.091 GMT-0500,86.872,86.777,0.0008,0.002,
27.01.2020 10:23:19.343 GMT-0500,86.853,86.777,0.0008,0.002,
27.01.2020 10:23:21.767 GMT-0500,86.822,86.778,0.0008,0.002,
27.01.2020 10:23:21.817 GMT-0500,86.792,86.668,0.0008,0.0008,
27.01.2020 10:23:22.091 GMT-0500,86.792,86.657,0.0008,0.002,
27.01.2020 10:23:23.736 GMT-0500,86.772,86.658,0.0008,0.002,
27.01.2020 10:23:24.201 GMT-0500,86.772,86.648,0.0008,0.002,
27.01.2020 10:23:24.252 GMT-0500,86.772,86.648,0.0008,0.0008,
27.01.2020 10:23:24.997 GMT-0500,86.772,86.657,0.0008,0.002,
27.01.2020 10:23:26.172 GMT-0500,86.773,86.637,0.002,0.002,
27.01.2020 10:23:29.705 GMT-0500,86.742,86.638,0.0008,0.0008,
27.01.2020 10:23:39.281 GMT-0500,86.742,86.677,0.0008,0.002,
27.01.2020 10:23:41.069 GMT-0500,86.748,86.717,0.0008,0.0008,
27.01.2020 10:23:41.119 GMT-0500,86.852,86.717,0.0008,0.002,
27.01.2020 10:23:41.170 GMT-0500,86.853,86.737,0.002,0.002,
27.01.2020 10:23:41.413 GMT-0500,86.893,86.737,0.002,0.002,
27.01.2020 10:23:41.791 GMT-0500,86.892,86.737,0.0008,0.002,
27.01.2020 10:23:47.697 GMT-0500,86.882,86.738,0.002,0.002,
27.01.2020 10:23:47.944 GMT-0500,86.892,86.737,0.0008,0.002,
27.01.2020 10:23:52.201 GMT-0500,86.892,86.757,0.0008,0.002,
27.01.2020 10:23:52.347 GMT-0500,86.972,86.838,0.002,0.002,
27.01.2020 10:23:52.910 GMT-0500,86.923,86.837,0.0008,0.002,
27.01.2020 10:24:03.069 GMT-0500,86.922,86.837,0.0008,0.002,
27.01.2020 10:24:03.120 GMT-0500,86.993,86.837,0.002,0.002,
27.01.2020 10:24:08.939 GMT-0500,86.982,86.838,0.0008,0.0008,
27.01.2020 10:24:09.263 GMT-0500,86.992,86.837,0.0008,0.002,
27.01.2020 10:24:13.457 GMT-0500,86.913,86.837,0.0008,0.002,
27.01.2020 10:24:19.689 GMT-0500,86.862,86.748,0.0008,0.002,
27.01.2020 10:24:19.739 GMT-0500,86.863,86.737,0.002,0.002,
27.01.2020 10:24:19.795 GMT-0500,86.853,86.657,0.0008,0.002,
27.01.2020 10:24:19.845 GMT-0500,86.853,86.657,0.002,0.002,
27.01.2020 10:24:19.896 GMT-0500,86.842,86.658,0.002,0.002,
27.01.2020 10:24:21.496 GMT-0500,86.842,86.668,0.002,0.0008,
27.01.2020 10:24:24.225 GMT-0500,86.842,86.678,0.0008,0.0008,
27.01.2020 10:24:24.508 GMT-0500,86.842,86.668,0.0008,0.0008,
27.01.2020 10:24:24.899 GMT-0500,86.843,86.657,0.0008,0.002,
27.01.2020 10:24:25.078 GMT-0500,86.923,86.657,0.0008,0.002,
27.01.2020 10:24:25.129 GMT-0500,86.922,86.818,0.002,0.002,
27.01.2020 10:24:25.709 GMT-0500,86.993,86.817,0.002,0.002,
27.01.2020 10:24:26.023 GMT-0500,86.993,86.827,0.002,0.0008,
27.01.2020 10:24:26.124 GMT-0500,86.933,86.817,0.002,0.002,
27.01.2020 10:24:26.364 GMT-0500,86.993,86.737,0.002,0.002,
27.01.2020 10:24:28.148 GMT-0500,86.993,86.727,0.002,0.002,
27.01.2020 10:24:30.398 GMT-0500,86.993,86.807,0.002,0.0008,
27.01.2020 10:24:31.473 GMT-0500,86.992,86.727,0.0008,0.002,
27.01.2020 10:24:33.511 GMT-0500,86.992,86.787,0.0008,0.0008,
27.01.2020 10:24:33.771 GMT-0500,86.992,86.787,0.0008,0.002,
27.01.2020 10:24:34.267 GMT-0500,86.992,86.728,0.0008,0.0008,
27.01.2020 10:24:36.152 GMT-0500,86.923,86.737,0.0008,0.0008,
27.01.2020 10:24:36.253 GMT-0500,86.922,86.728,0.0008,0.0008,
27.01.2020 10:25:00.015 GMT-0500,86.923,86.787,0.0008,0.0008,
27.01.2020 10:25:00.065 GMT-0500,86.992,86.787,0.0008,0.002,
27.01.2020 10:25:01.139 GMT-0500,86.992,86.787,0.0008,0.002,
27.01.2020 10:25:01.189 GMT-0500,86.992,86.728,0.0008,0.0008,
27.01.2020 10:25:01.404 GMT-0500,86.993,86.797,0.002,0.0008,
27.01.2020 10:25:03.131 GMT-0500,86.992,86.808,0.0008,0.0008,
27.01.2020 10:25:05.189 GMT-0500,86.982,86.808,0.0008,0.002,
27.01.2020 10:25:05.383 GMT-0500,86.992,86.808,0.0008,0.0008,
27.01.2020 10:25:06.323 GMT-0500,86.982,86.808,0.002,0.002,
27.01.2020 10:25:06.500 GMT-0500,86.982,86.837,0.0008,0.0008,
27.01.2020 10:25:06.551 GMT-0500,86.992,86.837,0.0008,0.002,
27.01.2020 10:25:06.619 GMT-0500,86.983,86.837,0.0008,0.002,
27.01.2020 10:25:09.179 GMT-0500,86.963,86.837,0.0008,0.002,
27.01.2020 10:25:10.491 GMT-0500,86.992,86.837,0.0008,0.002,
27.01.2020 10:25:11.557 GMT-0500,86.943,86.797,0.0008,0.002,
27.01.2020 10:25:11.608 GMT-0500,86.943,86.797,0.002,0.002,
27.01.2020 10:25:11.763 GMT-0500,86.932,86.738,0.0008,0.002,
27.01.2020 10:25:11.814 GMT-0500,86.922,86.737,0.0008,0.002,
27.01.2020 10:25:12.296 GMT-0500,86.922,86.728,0.0008,0.0008,
27.01.2020 10:25:12.472 GMT-0500,86.922,86.728,0.0008,0.002,
27.01.2020 10:25:23.571 GMT-0500,86.883,86.757,0.0008,0.002,
27.01.2020 10:25:23.913 GMT-0500,86.882,86.778,0.002,0.002,
27.01.2020 10:25:23.964 GMT-0500,86.882,86.778,0.002,0.002,
27.01.2020 10:25:24.270 GMT-0500,86.883,86.767,0.002,0.002,
27.01.2020 10:25:24.976 GMT-0500,86.882,86.758,0.0008,0.0008,
27.01.2020 10:25:26.096 GMT-0500,86.882,86.758,0.0008,0.002,
27.01.2020 10:25:27.675 GMT-0500,86.932,86.808,0.0008,0.0008,
27.01.2020 10:25:30.045 GMT-0500,86.933,86.778,0.0008,0.002,
27.01.2020 10:25:30.096 GMT-0500,86.992,86.778,0.0008,0.0008,
27.01.2020 10:25:30.312 GMT-0500,86.992,86.778,0.002,0.002,
27.01.2020 10:25:31.071 GMT-0500,86.912,86.828,0.0008,0.002,
27.01.2020 10:25:31.121 GMT-0500,86.992,86.828,0.002,0.002,
27.01.2020 10:25:32.204 GMT-0500,86.992,86.837,0.0008,0.0008,
27.01.2020 10:25:32.320 GMT-0500,86.982,86.848,0.002,0.002,
27.01.2020 10:25:32.550 GMT-0500,86.983,86.847,0.002,0.002,
27.01.2020 10:25:32.853 GMT-0500,86.963,86.858,0.0008,0.0008,
27.01.2020 10:25:33.570 GMT-0500,86.962,86.868,0.0008,0.0008,
27.01.2020 10:25:36.596 GMT-0500,86.962,86.858,0.0008,0.002,
27.01.2020 10:25:36.646 GMT-0500,86.962,86.858,0.002,0.002,
27.01.2020 10:25:40.554 GMT-0500,86.962,86.868,0.002,0.0008,
27.01.2020 10:25:41.528 GMT-0500,86.962,86.858,0.0008,0.0008,
27.01.2020 10:25:50.665 GMT-0500,86.963,86.877,0.0008,0.0008,
27.01.2020 10:25:50.716 GMT-0500,86.993,86.877,0.002,0.002,
27.01.2020 10:25:50.766 GMT-0500,86.982,86.877,0.0008,0.002,
27.01.2020 10:25:50.922 GMT-0500,86.992,86.878,0.0008,0.0008,
27.01.2020 10:25:52.688 GMT-0500,86.982,86.877,0.0008,0.002,
27.01.2020 10:25:53.734 GMT-0500,86.983,86.797,0.002,0.002,
27.01.2020 10:25:55.006 GMT-0500,86.982,86.797,0.0008,0.002,
27.01.2020 10:25:55.106 GMT-0500,86.982,86.797,0.0008,0.002,
27.01.2020 10:26:03.654 GMT-0500,86.982,86.808,0.002,0.0008,
27.01.2020 10:26:03.883 GMT-0500,86.982,86.798,0.0008,0.0008,
27.01.2020 10:26:06.261 GMT-0500,86.982,86.808,0.0008,0.0008,
27.01.2020 10:26:06.378 GMT-0500,86.962,86.808,0.0008,0.002,
27.01.2020 10:26:06.552 GMT-0500,86.962,86.857,0.0008,0.0008,
27.01.2020 10:26:13.531 GMT-0500,86.942,86.808,0.0008,0.002,
27.01.2020 10:26:13.582 GMT-0500,86.942,86.808,0.002,0.002,
27.01.2020 10:26:13.759 GMT-0500,86.943,86.797,0.002,0.002,
27.01.2020 10:26:13.867 GMT-0500,86.943,86.857,0.002,0.0008,
27.01.2020 10:26:15.107 GMT-0500,86.952,86.888,0.002,0.002,
27.01.2020 10:26:16.614 GMT-0500,86.982,86.888,0.0008,0.0008,
27.01.2020 10:26:17.810 GMT-0500,86.992,86.887,0.0008,0.002,
27.01.2020 10:26:21.302 GMT-0500,86.993,86.857,0.002,0.002,
27.01.2020 10:26:21.551 GMT-0500,86.992,86.868,0.0008,0.0008,
27.01.2020 10:26:23.291 GMT-0500,86.992,86.878,0.0008,0.0008,
27.01.2020 10:26:23.583 GMT-0500,86.993,86.877,0.002,0.002,
27.01.2020 10:26:23.748 GMT-0500,86.942,86.878,0.0008,0.0008,
27.01.2020 10:26:23.806 GMT-0500,86.942,86.797,0.0008,0.002,
27.01.2020 10:26:48.548 GMT-0500,86.943,86.797,0.0008,0.002,
27.01.2020 10:26:48.599 GMT-0500,86.993,86.797,0.002,0.002,
27.01.2020 10:26:49.767 GMT-0500,86.883,86.797,0.0008,0.002,
27.01.2020 10:26:51.217 GMT-0500,86.882,86.818,0.0008,0.0008,
27.01.2020 10:26:51.457 GMT-0500,86.883,86.817,0.0008,0.002,
27.01.2020 10:26:51.508 GMT-0500,86.982,86.828,0.0008,0.0008,
27.01.2020 10:26:53.788 GMT-0500,86.983,86.847,0.002,0.002,
27.01.2020 10:26:55.427 GMT-0500,86.992,86.847,0.0008,0.002,
27.01.2020 10:26:56.858 GMT-0500,86.982,86.847,0.0008,0.002,
27.01.2020 10:26:58.681 GMT-0500,86.982,86.857,0.0008,0.002,
27.01.2020 10:26:59.882 GMT-0500,86.982,86.857,0.0008,0.0008,
27.01.2020 10:27:01.314 GMT-0500,86.982,86.808,0.002,0.0008,
27.01.2020 10:27:01.415 GMT-0500,86.982,86.798,0.002,0.002,
27.01.2020 10:27:01.980 GMT-0500,86.982,86.798,0.0008,0.002,
27.01.2020 10:27:02.031 GMT-0500,86.983,86.797,0.002,0.002,
27.01.2020 10:27:04.840 GMT-0500,86.982,86.797,0.0008,0.002,
27.01.2020 10:27:05.048 GMT-0500,86.982,86.797,0.0008,0.002,
27.01.2020 10:27:07.362 GMT-0500,86.983,86.797,0.0008,0.002,
27.01.2020 10:27:07.413 GMT-0500,86.992,86.917,0.0008,0.002,
27.01.2020 10:27:11.066 GMT-0500,86.983,86.917,0.0008,0.002,
27.01.2020 10:27:11.530 GMT-0500,86.982,86.938,0.0008,0.0008,
27.01.2020 10:27:23.749 GMT-0500,86.983,86.937,0.002,0.002,
27.01.2020 10:27:51.987 GMT-0500,86.99,86.937,0.0008,0.002,
27.01.2020 10:27:52.038 GMT-0500,87.062,86.988,0.002,0.002,
27.01.2020 10:27:52.088 GMT-0500,87.043,86.987,0.002,0.002,
27.01.2020 10:27:52.406 GMT-0500,87.043,87.008,0.0008,0.0008,
27.01.2020 10:27:52.457 GMT-0500,87.122,87.008,0.002,0.002,
27.01.2020 10:27:52.563 GMT-0500,87.122,86.987,0.0008,0.002,
27.01.2020 10:27:52.694 GMT-0500,87.122,86.997,0.0008,0.0008,
27.01.2020 10:28:03.130 GMT-0500,87.123,86.997,0.0008,0.002,
27.01.2020 10:28:03.231 GMT-0500,87.192,87.017,0.0008,0.002,
27.01.2020 10:28:03.472 GMT-0500,87.183,87.017,0.0008,0.002,
27.01.2020 10:28:04.071 GMT-0500,87.182,87.038,0.0008,0.0008,
27.01.2020 10:28:07.471 GMT-0500,87.163,87.027,0.002,0.002,
27.01.2020 10:28:07.521 GMT-0500,87.163,87.027,0.002,0.002,
27.01.2020 10:28:08.311 GMT-0500,87.162,87.027,0.0008,0.0008,
27.01.2020 10:28:08.363 GMT-0500,87.162,87.018,0.002,0.002,
27.01.2020 10:28:18.985 GMT-0500,87.162,87.008,0.0008,0.0008,
27.01.2020 10:28:19.111 GMT-0500,87.162,86.998,0.0008,0.002,
27.01.2020 10:28:20.987 GMT-0500,87.162,87.008,0.002,0.002,
27.01.2020 10:28:21.045 GMT-0500,87.102,87.008,0.0008,0.002,
27.01.2020 10:28:21.095 GMT-0500,87.103,86.997,0.002,0.002,
27.01.2020 10:28:21.537 GMT-0500,87.103,86.998,0.0008,0.0008,
27.01.2020 10:28:21.588 GMT-0500,87.162,86.998,0.0008,0.0008,
27.01.2020 10:28:22.874 GMT-0500,87.123,86.997,0.0008,0.002,
27.01.2020 10:28:25.222 GMT-0500,87.122,87.017,0.0008,0.0008,
27.01.2020 10:28:27.245 GMT-0500,87.123,87.017,0.0008,0.002,
27.01.2020 10:28:27.295 GMT-0500,87.173,87.017,0.002,0.002,
27.01.2020 10:28:28.149 GMT-0500,87.163,87.037,0.0008,0.0008,
27.01.2020 10:28:28.257 GMT-0500,87.162,87.037,0.0008,0.002,
27.01.2020 10:28:32.165 GMT-0500,87.122,87.038,0.0008,0.002,
27.01.2020 10:28:34.720 GMT-0500,87.122,86.998,0.0008,0.002,
27.01.2020 10:28:34.770 GMT-0500,87.122,86.998,0.002,0.002,
27.01.2020 10:28:35.878 GMT-0500,87.122,87.048,0.0008,0.0008,
27.01.2020 10:28:38.983 GMT-0500,87.122,86.988,0.0008,0.002,
27.01.2020 10:28:39.033 GMT-0500,87.122,86.988,0.002,0.002,
27.01.2020 10:28:39.260 GMT-0500,87.122,86.978,0.0008,0.0008,
27.01.2020 10:28:42.909 GMT-0500,87.122,86.978,0.0008,0.002,
27.01.2020 10:28:43.027 GMT-0500,87.122,87.038,0.002,0.002,
27.01.2020 10:28:50.928 GMT-0500,87.122,87.038,0.0008,0.002,
27.01.2020 10:28:50.978 GMT-0500,87.172,87.108,0.002,0.002,
27.01.2020 10:28:51.351 GMT-0500,87.172,87.127,0.0008,0.002,
27.01.2020 10:28:53.120 GMT-0500,87.18,87.127,0.0008,0.0008,
27.01.2020 10:28:53.170 GMT-0500,87.312,87.097,0.0008,0.002,
27.01.2020 10:28:53.329 GMT-0500,87.312,87.097,0.0008,0.002,
